2766 4950
485 488 530 502 ..
560 451 604 521 73
630 489 680 503 ...

55 611 192 697 notum
217 599 344 678 Ovidii
371 597 557 675 distichon
584 596 726 694 (Amor.
744 594 822 691 ΙΙΙ,
841 601 873 690 3,
890 599 936 670 31
952 598 1025 697 sq.)
1041 596 1106 672 ubi

56 733 140 809 duae
169 732 431 810 tantummodo
456 731 595 808 Tibulli
624 730 792 807 dominae'
807 729 1105 830 significantur:

57 1066 60 1071 Δ
82 1009 85 1013 ·
156 981 207 1046 Sic
219 981 356 1044 Nemesis
369 981 503 1061 longum,
514 979 558 1044 sic
572 979 659 1044 Delia
669 999 779 1044 nomen
790 979 964 1054 habebunt,⁴
1096 999 1104 1010 ⁸

217 1096 323 1161 Altera
336 1116 408 1162 cura
419 1115 535 1169 recens,
545 1096 638 1160 altera
649 1096 762 1178 primus
774 1115 867 1160 amor.

58 1389 210 1468 Etenim
240 1418 326 1468 cum
360 1392 407 1467 ad
437 1391 575 1478 Tibulli
599 1416 733 1491 rogum
759 1415 940 1468 accersere
972 1393 1109 1468 amicas

59 1523 219 1603 Ovidius
237 1527 381 1626 poetico
399 1527 554 1602 artificio
571 1525 694 1622 vellet,
713 1536 809 1602 certe
821 1539 899 1601 non
916 1537 1021 1626 opus'
1032 1537 1112 1602 erat

55 1670 99 1736 ut
123 1670 274 1737 cunctas
301 1661 379 1736 sine
405 1661 549 1737 delectu
562 1670 804 1756 enumeraret,
834 1661 911 1739 imo
932 1660 1026 1736 solas
1053 1661 1111 1736 in·

58 1794 189 1870 ducere
214 1794 359 1871 Deliam
384 1821 424 1871 ae
454 1793 654 1890 Nemesim,
672 1795 876 1895 praeoipuas
906 1794 1045 1872 scilicet
1069 1807 1108 1873 et
1236 1889 1238 1892 Ι

57 1940 253 2025 extremas,
268 1930 389 2006 multo
407 1930 594 2029 lepidioris
617 1930 706 2005 artis
727 1940 817 2005 erat.
835 1928 944 2022 Quod
956 1939 1043 2006 vero
1054 1957 1103 2006 ex

59 2061 243 2142 Ovidiano
258 2064 419 2164 epicedio
431 2063 645 2140 concludere
671 2063 764 2157 licet,
780 2073 888 2164 poeta
909 2063 1103 2164 Glyceram

58 2195 164 2274 Delia
174 2199 424 2298 posteriorem,
441 2199 600 2299 priorem
613 2196 763 2274 Nemesi
780 2198 931 2273 amavit.
994 2209 1001 2257 ἰ
1104 2240 1109 2252 x

107 2332 285 2409 Protinus
307 2342 503 2434 quaeretur,
519 2333 609 2432 quid
628 2332 674 2408 de
694 2333 770 2407 illis
785 2358 877 2433 quos
892 2343 997 2408 notat
1022 2332 1111 2413 Ho-;

59 2467 174 2542 ratius
204 2467 509 2543 «miserabilibus
533 2466 677 2566 elegis»
706 2467 843 2542 factum
866 2467 942 2541 sit?
960 2465 1049 2560 Eos,
1063 2472 1110 2543 ut

60 2611 166 2697 putat
182 2600 402 2703 Hertzberg,
422 2602 569 2701 penitus
582 2601 743 2699 periisse,
756 2625 887 2699 parum
899 2601 1087 2698 probabile
1096 2627 1112 2678 a.

60 2737 262 2833 praesertim
294 2737 326 2811 si
337 2736 548 2816 memineris
566 2745 657 2834 quot
674 2733 941 2810 tibullianavel
953 2735 1111 2833 pseudoa

60 2869 253 2949 tibulliana
275 2869 436 2953 carmina
468 2878 612 2945 servata
652 2868 727 2942 sint
754 2867 929 2968 ,editaque
953 2869 1112 2968 psstde·

61 3002 228 3106 functum
267 3014 425 3103 poetam.
462 3002 551 3078 Ideo
586 3001 790 3077 necessario
819 3002 926 3078 nobis
952 3004 1111 3079 venitin

61 3148 222 3213 mentem
258 3137 501 3237 elegidiorum
528 3139 573 3210 13
611 3145 649 3210 et
671 3138 718 3208 14
748 3135 833 3210 libri
861 3137 997 3236 quarti,
1026 3163 1110 3237 quae

60 3270 206 3345 nullum
217 3271 381 3347 mulieris
388 3295 523 3345 nomen
533 3269 745 3367 praeferunt.
760 3267 794 3342 N
797 3269 942 3343 annulli
959 3271 1109 3369 quidem

60 3405 192 3506 elegias
209 3408 255 3479 13
271 3417 307 3481 et
323 3410 370 3480 14
384 3404 431 3479 ad
446 3403 591 3479 Deliam
609 3403 711 3502 (nam
725 3402 770 3477 de
788 3402 935 3479 Nemesi
958 3405 1019 3504 agi
1030 3430 1108 3480 non

59 3542 196 3638 potest)
207 3540 349 3616 'referre
364 3541 566 3616 voluerunt
583 3538 756 3638 (Passow‚
772 3536 971 3638 Dieterich)
985 3540 1110 3638 3quasi

65 3684 182 3779 poeta,
198 3674 370 3751 concluso
380 3676 456 3773 jam
469 3675 589 3774 primo
607 3671 807 3770 elegiarum
831 3670 939 3758 libro,
969 3697 1113 3748 novum

60 3807 106 3884 de
146 3808 253 3885 Delia
279 3810 416 3886 librum
447 3811 492 3886 ab
504 3810 617 3885 hisee,
642 3805 866 3884 carminibus
895 3808 1111 3906 incepturus

61 3941 192 4036 fuerit3
207 3970 318 4044 quem
328 3970 521 4044 nunquam
534 3943 686 4042 posthac
709 3940 909 4017 absolverit
933 3942 1110 4042 cujusque

61 4063 233 4177 reliquias
264 4081 486 4155 carminibus
511 4079 595 4154 libri
634 4076 691 4152 lV
720 4077 1017 4174 -quibuscum
1032 4076 1110 4152 haec
