2766 4950
715 494 765 506 ..
793 458 836 526 76
863 497 912 508 ..

288 612 381 686 tum,
408 602 626 678 inconsultae
655 605 890 678 confessionis
908 604 1080 701 paenitet3
1101 629 1177 677 sese
1205 603 1340 678 clamat

287 736 397 809 nimis
421 737 613 834 garrulum
642 760 745 811 esua
768 739 922 836 pignora
936 736 1060 810 cedere
1073 757 1103 830 a,
1118 737 1198 832 jam
1220 736 1337 810 dorni·

286 891 387 962 nam,
406 869 474 945 hac
488 893 553 945 sua
574 870 826 947 imbecillitate
854 871 994 964 fretam,
1020 869 1230 946 ferociorem
1257 895 1338 946 eva·

287 1025 420 1098 suram,
427 1005 509 1104 jam
517 1002 592 1079 fore
603 1015 647 1079 ut
653 1004 808 1080 inertem
823 1029 970 1079 servum
985 1027 1003 1077 ((
1017 1003 1189 1078 audacius
1201 1014 1287 1079 urat
1303 1027 1336 1079 a.

287 1137 430 1213 Rursus
444 1150 569 1214 tamen
582 1138 628 1213 ad
644 1138 861 1237 obsequium
873 1163 1102 1238 regressus«
1118 1145 1206 1213 tuus
1218 1139 1336 1237 usque

285 1274 458 1349 manebo!
477 1296 496 1348 a
523 1273 656 1372 inquit,
678 1283 862 1372 negatque
890 1298 928 1349 se
947 1297 1111 1371 unquam
1141 1273 1336 1348 servitium

284 1408 443 1484 dominae
474 1409 719 1484 deserturum.
745 1407 816 1500 Ita,
841 1420 918 1484 tam
946 1433 1060 1506 parvo
1091 1408 1210 1508 spatio
1241 1434 1337 1485 com·

284 1544 425 1641 plexos,
450 1555 601 1620 cunctos
622 1544 682 1618 hic
700 1544 811 1618 habes
834 1554 958 1618 motus
983 1544 1115 1642 quibus
1141 1554 1335 1618 amantum

283 1688 424 1755 mentes
451 1679 635 1780 exagitari
660 1678 805 1755 solentt
834 1679 1016 1777 cupientis
1044 1679 1334 1754 exsultationem

283 1824 320 1889 et
344 1815 507 1908 timores,
538 1813 728 1889 servientis
748 1814 936 1889 interdum
961 1813 1149 1911 pudorem,
1173 1815 1333 1914 morige-

285 1949 401 2024 rantis
443 1948 643 2047 ignaviam.
678 1947 819 2022 Forma·
850 1958 973 2022 autem
1010 1971 1194 2046 nusquam
1231 1949 1334 2047 apud

285 2082 478 2158 Tibullum
504 2082 759 2183 praestantior:
783 2081 877 2155 nihil
904 2081 1003 2156 enim
1026 2082 1220 2176 redundat,
1238 2081 1336 2155 nihil

216 2205 219 2210 ’
283 2219 375 2293 meri
400 2219 607 2294 ornamenti
635 2243 741 2292 causa
767 2217 936 2290 additum
947 2244 958 2309 ;
984 2241 1004 2291 t
1026 2217 1205 2291 sermonis
1225 2225 1337 2292 tenor

283 2364 360 2428 tam
378 2352 538 2452 simplex
555 2377 596 2427 ac
611 2378 720 2427 verus
749 2363 805 2426 est
826 2375 936 2449 quam
956 2375 1048 2443 acer,
1076 2350 1336 2451 unusquisque

281 2512 409 2562 versus
425 2512 534 2562 versu
559 2487 724 2586 sequenti
741 2496 907 2585 augetur,
924 2487 976 2560 ita
993 2496 1036 2560 ut
1055 2485 1230 2560 continua
1250 2511 1333 2561 sen·

281 2621 396 2697 tentia
417 2622 456 2694 in
481 2621 681 2696 clarissima
704 2620 785 2694 luce
809 2645 925 2718 usque
952 2619 1209 2718 progrediatur
1222 2619 1291 2718 (1).
1313 2643 1332 2693 a

330 2757 390 2830 El.
410 2761 456 2829 14
468 2780 544 2830 non
558 2755 702 2830 excedit
723 2755 929 2828 tetrastichi
942 2755 1034 2829 fines
1050 2753 1173 2853 :quod
1197 2763 1333 2829 tetras-

281 2890 407 2966 tichon
423 2889 601 2989 longioris
627 2889 751 2988 elegiae
781 2889 932 2964 initium
958 2914 1035 2963 esse
1066 2884 1256 2987 perperam
1283 2889 1329 2963 F.

282 3026 433 3125 Gruppe
450 3024 501 3122 (2)
518 3025 685 3122 conjecit,
708 3050 776 3123 ego
791 3024 991 3121 perfectum
1010 3023 1127 3098 habeo
1146 3024 1331 3122 epigram-

281 3161 451 3249 matium,
473 3159 577 3259 quasi
590 3159 737 3261 brevem
757 3158 918 3258 aliquam
940 3158 1097 3232 amantis
1116 3157 1330 3256 suspiratio·

281 3319 378 3389 nem,
393 3320 475 3394 quae
497 3293 665 3369 videlicet
691 3319 776 3368 cum
800 3293 992 3367 notissimo
1013 3291 1078 3366 illo
1097 3290 1235 3367 Catulli
1255 3292 1332 3368 dis-

279 3428 403 3505 ticho:
419 3425 493 3503 Odi
500 3440 531 3503 at
541 3453 649 3523 amo„
658 3485 683 3503 ..
694 3427 833 3525 optime
847 3426 1049 3525 comparari
1062 3435 1195 3524 potest.
1209 3423 1270 3500 El.
1285 3430 1330 3500 14

256 3541 403 3638 ‘autem
425 3561 573 3637 videtur
596 3561 824 3637 antecedenti
841 3560 1080 3661 respondere:
1104 3559 1180 3634 illic
1196 3561 1331 3660 igneus

281 3699 430 3800 quidam
443 3698 738 3797 procellosusque
757 3697 923 3795 spiritus,
942 3696 1001 3771 hic
1028 3696 1215 3772 remissior
1237 3698 1330 3795 tepi-

313 3950 353 4020 (1)
368 3948 396 4006 S,
412 3946 529 4015 Teuffel,
547 3947 596 4002 loc.
614 3950 659 4001 cit.

316 4040 354 4107 (2)
371 4038 431 4090 lmo
443 4035 514 4088 idem
529 4052 577 4088 suo
587 4042 671 4089 marte
682 4036 798 4105 elegiam
813 4036 883 4089 hanc
898 4036 1043 4091 extendere
1058 4041 1085 4090 et
1096 4034 1130 4089 de
1140 4033 1260 4103 Glycera
1275 4043 1328 4093 tres

280 4128 347 4181 alias
362 4125 478 4180 conflare
496 4125 613 4179 tentavit
631 4146 636 4178 :
650 4125 829 4194 ingeniosum,
847 4125 894 4180 sed
906 4125 1030 4179 inutilem
1042 4124 1123 4194 plane
1138 4123 1236 4178 lusum.
