2766 4950
604 462 774 528 ..4...

166 633 358 683 commune
397 608 565 682 codicum
592 608 819 708 archetypou
849 610 986 709 triplex
1007 610 1219 684 traditionis

166 767 283 840 genus
302 754 577 840 repraesentent.

219 874 262 971 (c.
282 874 480 975 Florilegia
494 875 675 970 Parisina,
706 879 776 950 266
800 878 969 953 versibus
992 877 1218 968 constantia,

168 1008 209 1081 in
227 1008 372 1083 duobus
394 1011 580 1085 codicibus
603 1011 850 1110 reperiuntur,
871 1013 986 1087 altero
1003 1012 1103 1086 dicto
1124 1010 1220 1085 Nos·

167 1141 404 1232 trodamensi,
433 1169 513 1218 saec.
539 1167 624 1238 x111,
656 1144 785 1236 altem,
811 1146 922 1245 longe
944 1146 1101 1245 potiore,
1118 1144 1220 1218 dicto

169 1273 359 1367 Thuaneo‚
378 1301 459 1349 saec.
476 1299 535 1349 ΧΠ
558 1276 620 1352 vel
641 1300 715 1352 x111
733 1305 918 1377 :quorum
931 1277 1225 1353 Nostrcdamen-

165 1432 243 1480 sem
260 1407 329 1480 Ed.
341 1407 553 1510 Woelffling,
572 1410 792 1485 Thuaneum
814 1410 861 1488 G.
880 1410 1044 1511 Meynke
1061 1423 1227 1487 recenter

163 1554 424 1618 excusserunt.
442 1586 492 1599 -
506 1543 715 1642 Excerptor
731 1545 882 1620 videtur
899 1545 1013 1620 fuisse
1026 1546 1140 1620 medii
1153 1547 1226 1619 aevi

168 1677 383 1768 monachus,
399 1677 464 1777 qui
488 1677 528 1750 in
554 1677 734 1777 eligendis
759 1678 849 1753 locis
875 1704 918 1754 ea
937 1679 1124 1778 spectabat
1140 1705 1224 1778 quae

163 1809 210 1883 ad
221 1810 455 1909 corrigendos
465 1836 584 1887 mores
593 1811 789 1886 hominum
798 1812 1033 1910 pertinerent,
1044 1836 1219 1886 nonnun-

164 1971 275 2044 quam
293 1972 374 2045 quae
389 1947 532 2045 poetico
549 1947 670 2022 colore
684 1947 858 2022 niterent.
890 1944 1020 2020 Multae
1036 1946 1088 2021 ibi
1101 1946 1218 2020 inter·

164 2079 316 2177 polandi
328 2081 514 2156 rationes:
536 2081 706 2180 quaedam
722 2080 822 2154 enim
843 2080 1041 2155 immutata
1054 2079 1217 2154 metricae

164 2213 354 2314 elegantiae
371 2241 481 2289 causa
494 2214 560 2312 (II,
576 2219 608 2304 3,
629 2219 688 2307 40,
707 2215 754 2288 ad
768 2215 962 2289 vitandam
982 2214 1218 2314 trisyllabum

164 2350 385 2446 pentametri
413 2348 617 2424 clausulam
627 2379 637 2444 ;
670 2347 738 2442 IV,
751 2354 782 2443 1,
796 2352 853 2442 28,
868 2374 916 2424 ne
931 2374 1070 2423 caesura
1092 2349 1159 2421 fiat
1176 2347 1218 2420 in

164 2484 297 2582 quinto
321 2483 413 2582 pede
434 2482 666 2582 hexametri),
696 2484 757 2558 vel
777 2483 981 2558 honestatis
1013 2480 1077 2580 (II,
1094 2486 1129 2569 3,
1147 2485 1218 2556 35:

160 2643 291 2720 pacem
312 2644 380 2717 pro
409 2618 616 2715 lsernerem);
637 2619 806 2718 quaedam
836 2616 945 2716 plane
972 2617 1120 2708 omissa,
1141 2617 1220 2692 sive

163 2779 239 2826 non
254 2751 528 2851 intelleguntur
541 2751 587 2825 ab
605 2762 830 2849 excerptore,
846 2749 924 2823 sivo
934 2749 1059 2847 turpia
1071 2749 1213 2824 ducun-

164 2896 245 2978 tur;
267 2884 360 2958 adde
383 2884 490 2982 plura
514 2885 562 2959 ob
592 2909 721 2959 sensus
741 2883 1003 2981 perfectionem
1033 2893 1207 2969 correcta,

165 3019 313 3118 quando
339 3017 496 3092 solvitur
530 3018 570 3090 in
592 3017 776 3114 excerptis
803 3017 1069 3090 sententiarum
1093 3041 1218 3090 nexus

167 3152 226 3227 vel
257 3152 358 3226 varia
378 3153 458 3226 loca
486 3152 526 3224 in
552 3178 673 3225 unum
704 3150 979 3250 conglobantur
1009 3147 1054 3243 (I,
1084 3152 1117 3242 2,
1149 3153 1217 3243 873

95 3315 97 3320 ·
169 3285 242 3380 ΙΙΙ,
260 3290 294 3385 3,
314 3290 371 3380 ll,
385 3285 489 3382 etc).

217 3422 270 3494 At
297 3419 554 3517 praetermissis
588 3419 813 3517 excerptoris
849 3417 1215 3518 interpolationibus,

165 3554 291 3627 decem
315 3563 528 3651 apparente
551 3551 673 3626 codice
697 3551 897 3650 archetypo
914 3563 1031 3626 ortae:
1058 3574 1221 3649 quarum

166 3711 241 3760 una
272 3684 402 3759 saltem
421 3682 468 3783 (Ι,
487 3687 522 3776 1,
540 3684 603 3781 43)
631 3684 697 3758 ubi
720 3683 862 3757 codices
875 3684 995 3759 nostri
1010 3709 1139 3757 verum
1155 3707 1221 3755 ex·

166 3820 308 3909 hibent,
325 3818 426 3917 quod
440 3816 576 3914 attingi
589 3817 799 3913 conjectura
827 3843 903 3890 non
932 3817 1036 3892 facile
1051 3826 1220 3915 poterat.

205 4018 243 4088 (1)
256 4016 316 4074 Car.
342 4014 500 4069 Lachmann
524 4019 552 4067 et
565 4013 747 4068 Parisinorum
760 4014 878 4084 aliquam
905 4015 1031 4069 notitiam
1052 4013 1148 4067 habuit
1173 4029 1223 4083 per

171 4105 278 4175 eclogas
293 4103 401 4158 Heinsii
415 4102 562 4173 exemplari
576 4103 717 4173 ascriptas,
