2766 4950
703 484 751 494 -
778 443 823 513 54
848 481 898 491 -

277 585 536 680 simultatibus,
565 590 628 664 ubi
655 591 763 664 laesus
806 588 1016 678 alaedente,
1043 585 1161 660 fidelis
1181 582 1227 656 ab
1255 580 1325 652 iu-

277 719 353 793 fida
363 721 508 798 veniam
527 724 619 799 solet
644 736 777 824 petere.
803 722 850 797 ln
867 723 911 798 el.
927 726 948 794 5
963 721 1090 820 igitur,
1106 715 1201 791 nihil
1225 711 1329 788 aliud

279 878 390 950 quam
408 867 527 933 tentat
549 884 676 933 omnes
699 857 827 956 gratita
841 853 1117 931 reconcilianda
1135 850 1234 924 vias:
1252 846 1326 921 sive

280 988 519 1085 pristinarum
547 993 783 1091 voluptatum
812 990 1034 1066 desiderium
1052 984 1183 1086 puellae
1207 980 1325 1080 injicit

281 1111 335 1217 ¹(v.
354 1123 478 1222 lsq.);
497 1125 573 1200 sive
587 1136 849 1201 commemorat
861 1134 952 1224 quot
963 1123 1058 1198 euris
1071 1120 1243 1216 votisque
1256 1114 1321 1188 De·

208 1241 211 1248 Δ
279 1253 367 1330 liam
389 1256 478 1331 olim
491 1261 541 1355 (1)
568 1289 584 1324 «
602 1261 701 1335 tristi
716 1259 857 1333 'morbo
883 1257 1095 1332 defessam»
1125 1249 1323 1328 restituerit

281 1385 332 1485 (v.
350 1393 451 1487 9-16)
463 1422 472 1484 ;
486 1393 563 1468 sive
576 1395 713 1492 profert
736 1393 909 1469 bucolica
935 1391 1022 1467 vitae
1045 1389 1321 1472 oblectamenta,

283 1524 387 1620 eujus
396 1525 498 1601 illam
509 1529 726 1626 participem
738 1527 814 1602 fore
827 1527 895 1601 sibi
909 1524 1084 1625 fingebat,
1100 1521 1281 1597 messibus
1294 1529 1325 1605 et

283 1657 486 1753 vindemia,
503 1663 622 1760 pecori
635 1673 671 1738 et
684 1663 806 1736 vernis
821 1661 1071 1759 praefuturam,
1083 1667 1216 1732 cuncta
1230 1653 1328 1728 domi

284 1803 502 1890 curaturam,
515 1819 597 1871 caro
613 1797 723 1872 etiam
739 1794 903 1870 Messalae
915 1794 1203 1891 aduloiapomaa
1217 1790 1327 1863 leotu·

282 1928 674 2027 ram(v.19·36).Haeo
694 1931 820 2005 omnia
841 1940 1057 2028 prosecutus
1080 1926 1215 2026 quibus
1229 1934 1330 1999 tener

279 2063 425 2138 animus
481 2066 731 2165 benefeotique
779 2090 919 2139 memor
964 2062 1181 2142 deleniatur,
1223 2082 1332 2158 porro

279 2198 388 2296 coepit
407 2200 460 2294 (2)
475 2200 652 2296 majorem
666 2200 940 2274 miserationem
965 2198 1083 2273 facere
1109 2192 1333 2271 ostentando

280 2333 510 2432 aegritudinis
549 2360 623 2408 suaa
652 2335 729 2407 vim
757 2359 798 2409 ao
821 2332 1059 2431 pervicaciam
1086 2332 1137 2426 (u.
1173 2329 1329 2423 37-44):

283 2467 419 2567 quippe
442 2469 600 2544 remedia
619 2468 752 2543 amoris
774 2469 909 2542 frustra
924 2467 1059 2542 dieitur
1072 2466 1111 2539 in
1128 2464 1217 2539 vino
1232 2485 1326 2562 quae·

285 2601 423 2693 sivisse,
439 2629 526 2676 nam

497 2781 581 2842 dolor
594 2781 626 2841 in
641 2781 775 2842 lacrimas
796 2783 927 2842 verterat
939 2797 1026 2840 omne
1039 2795 1154 2838 memm
1167 2800 1175 2847 ;

284 2976 420 3051 frustra
431 2979 469 3051 in
477 2977 673 3077 volgivago
683 2977 848 3069 libidine,
858 3001 945 3050 nam
957 3002 1042 3049 oum
1055 2973 1191 3074 gaudia
1205 2971 1335 3064 adiret,

486 3164 656 3227 Admonuit
671 3164 800 3225 dominae
813 3163 1001 3243 deseruitque
1017 3162 1130 3226 Venus.
1186 3183 1192 3195 ·

321 3378 362 3448 (l)
385 3378 461 3433 Nihil
476 3384 518 3433 est
536 3379 564 3433 in
578 3378 676 3447 elegia,
693 3376 766 3431 unde
786 3375 933 3431 concludes
952 3380 1014 3445 post
1041 3389 1179 3429 reversum
1197 3371 1336 3426 Tibullum

286 3466 374 3522 Deliae
388 3468 510 3523 morbum
525 3468 663 3531 evenisse;
680 3466 751 3537 qnod
766 3466 792 3522 S.
804 3465 911 3520 Teuffel
930 3464 1049 3520 etmulti
1064 3463 1111 3518 alii
1125 3462 1272 3532 affirmant,
1286 3478 1336 3532 ego

283 3573 413 3627 perquam
433 3557 615 3629 improbabile
639 3556 776 3611 arbitror:
793 3561 858 3610 tuno
877 3554 951 3608 enim
975 3554 1073 3622 Deliae,
1091 3569 1154 3608 oum
1173 3551 1232 3622 jam
1255 3567 1336 3623 penes

282 3643 395 3699 divitem
409 3652 558 3701 amatorem
571 3652 650 3715 esset,
667 3645 794 3699 Tibullus
808 3643 904 3699 adesse
918 3661 973 3699 nou
988 3644 1132 3716 potuisset.

319 3735 360 3806 (2)
373 3735 440 3789 Inde
454 3738 481 3806 (a
496 3754 522 3791 v.
537 3735 570 3791 37
593 3757 604 3788 ι
620 3736 698 3805 Saepe
714 3752 766 3804 ego
781 3734 919 3792 tentavi...
937 3736 973 3805 a)
987 3733 1125 3803 scaligero
1146 3730 1231 3800 lubet,
1259 3734 1331 3800 post·

278 3838 361 3893 quam
384 3822 511 3879 ultimam
533 3825 566 3880 el.
588 3826 605 3879 2
626 3831 732 3896 partem
753 3823 915 3878 translatam
942 3823 1037 3878 huiooe
1063 3820 1160 3892 elegiae
1184 3815 1333 3888 interjecit,

281 3916 388 3966 textum
409 3913 571 3969 abscindere
593 3931 626 3967 ao
650 3931 749 3968 novum
765 3917 883 3966 statuere
904 3929 1013 3966 carmen
1031 3911 1104 3967 :imo
1119 3926 1153 3962 ne
1167 3907 1209 3963 illi
1224 3906 1331 3977 quidem

281 4001 441 4071 fragmento
465 4003 562 4074 parcit,
586 4020 648 4057 oum
661 4019 709 4057 sex
728 4001 838 4056 ultimos
857 4018 952 4056 versus
975 4002 1004 4055 in
1018 4001 1054 4060 el.
1076 4000 1092 4054 6
1111 4014 1196 4069 usque
1215 3995 1335 4066 rejiciet.

284 4090 444 4146 Istiusmodi
458 4092 558 4159 crisim,
575 4092 619 4146 vel
632 4091 720 4162 potius
733 4090 908 4160 dementiam,
924 4090 1066 4145 confutare
1081 4105 1135 4143 non
1150 4104 1217 4158 opus
1232 4091 1283 4142 est.
