2766 4950
595 509 643 523 ..
669 472 716 541 49
743 511 788 525 ..

191 618 317 716 qnidam
341 629 378 694 et
403 617 581 692 candidus
620 618 746 712 color3
770 619 856 693 inde
892 619 1028 694 blanda
1061 621 1213 711 somnia,

189 748 286 850 longae
307 776 389 852 spes
408 752 543 851 quibus
572 752 720 827 credula
735 752 930 850 juniorum
956 754 1090 853 cupido
1114 752 1215 853 pasci

188 883 283 979 solet;
309 885 396 960 inde
412 909 510 961 mors
522 885 607 960 laeto
622 885 745 960 animo
773 896 970 985 aspectata,
985 888 1106 963 nescio
1132 912 1213 985 quae

164 1019 166 1024 ’
186 1043 221 1093 ex
232 1019 307 1119 ipsa
322 1030 441 1096 morte
457 1019 619 1119 quaesitae
637 1018 774 1094 deliciae
791 1019 841 1117 (v.
860 1024 905 1094 59
917 1021 996 1121 sqq)
1015 1051 1024 1095 z

264 1216 309 1286 Te
322 1228 454 1304 spectem
465 1242 601 1304 suprema
615 1223 690 1284 mihi
705 1242 774 1285 cum
789 1225 903 1286 venerit
917 1224 1001 1297 hora,

304 1339 349 1402 Te
362 1344 480 1403 teneam
491 1339 620 1402 moriens
633 1339 788 1401 deficiente
796 1339 903 1402 manu!

180 1545 270 1642 quasi
282 1569 480 1644 perennem
502 1545 659 1619 domine
681 1570 843 1620 amorem
857 1557 1077 1644 mortuoque
1091 1569 1215 1643 super·

178 1679 290 1754 stitem
309 1680 446 1779 fingere
448 1681 557 1778 juvet
575 1679 583 1752 1
599 1681 652 1754 At
665 1680 713 1754 ab
731 1680 795 1752 illa
809 1680 981 1755 funerum
993 1679 1216 1780 cogitatione

175 1811 269 1887 facile
283 1812 329 1886 ad
347 1823 542 1911 praesentes
559 1838 615 1887 res
629 1823 740 1911 poeta
753 1813 870 1888 redit:
886 1814 1023 1912 quippe
1036 1795 1215 1889 brevitate

173 1947 249 2022 vitae
266 1946 395 2041 utitur,
410 1957 454 2021 ut
474 1945 619 2022 Deliam
629 1946 675 2020 ad
691 1945 938 2022 Horatianum
956 1947 1050 2021 illud
1070 1971 1088 2021 s
1107 1973 1213 2047 carpe

172 2079 261 2156 diem
275 2104 309 2176 r,
325 2081 371 2156 ad
399 2081 663 2180 capessendum
680 2106 792 2180 quam
813 2080 988 2156 citissime
1009 2081 1212 2179 voluptatis

170 2215 327 2291 fructum
340 2215 470 2291 incitet
486 2244 497 2293 ι

265 2410 396 2486 Interea,
410 2409 486 2472 dum
501 2411 694 2482 telesinum,
711 2410 873 2490 jungamus
885 2428 1036 2473 amores...

212 2624 259 2699 In
277 2624 321 2700 el.
333 2626 368 2716 2,
387 2625 524 2700 Tibulli
543 2624 795 2723 blandiloquio
810 2624 1003 2721 paululum
1029 2627 1210 2701 ausculta-

165 2760 259 2834 visse
273 2757 379 2834 Delia
395 2759 542 2834 videtur
557 2789 565 2832 :
590 2759 683 2833 clam
697 2759 850 2832 fortasse
864 2759 974 2854 adita,
989 2770 1215 2835 nocturnum

166 2877 401 2993 congressum
415 2892 606 2992 promisit;
625 2893 700 2978 sed,
721 2892 789 2967 etsi
802 2892 912 2992 longe
923 2895 1078 2970 maritus
1096 2895 1211 2982 abest,

166 3054 301 3103 «saeva
324 3028 489 3107 custodia
507 3051 526 3100 ))
549 3027 679 3125 puellae
702 3026 822 3099 limini
844 3028 1025 3126 apposita,
1049 3029 1212 3104 clausam

164 3161 327 3237 fervidus
348 3161 497 3259 juvenis
516 3160 673 3235 offendit
682 3162 849 3258 januam.
873 3160 971 3236 Hinc
991 3187 1009 3234 <t
1029 3165 1117 3237 novi
1145 3164 1209 3237 do-

162 3294 256 3371 lores
272 3320 291 3370 ))
306 3297 345 3370 in
361 3296 482 3395 primo
498 3321 609 3371 versu
622 3295 797 3394 expressi,
808 3305 845 3369 et
859 3295 1014 3370 infelicis
1028 3297 1210 3395 cupidinis

164 3457 273 3530 sopor
286 3431 406 3506 multo
420 3432 508 3505 vino
525 3432 712 3532 quaesitus.
726 3428 854 3505 Cetera
870 3429 983 3529 elegia
999 3431 1039 3503 in
1057 3433 1213 3508 formam

160 3569 435 3664 παρακλαυσιθύρου
448 3566 606 3640 condita
618 3576 684 3656 est,
701 3564 799 3663 quod
814 3575 898 3661 apte
911 3565 1062 3663 quidem
1077 3593 1212 3666 praepa·

160 3700 264 3774 rabat
288 3699 537 3776 antecedentis
561 3693 606 3774 el.
620 3724 657 3771 v.
678 3700 724 3773 56
754 3727 797 3771 2«
819 3696 925 3771 sedeo
950 3698 1060 3772 duras
1071 3701 1209 3798 janitor

162 3845 247 3910 ante
255 3834 354 3932 sores
367 3867 383 3902 »
394 3847 431 3910 et
444 3861 479 3908 v.
490 3839 533 3908 ἶδ
545 3860 587 3932 sq
603 3861 611 3907 :
627 3856 645 3906 <r
659 3831 825 3928 frangere
833 3843 945 3930 poetes
960 3858 1035 3906 non
1048 3834 1163 3931 pudet
1175 3859 1208 3909 r..

163 3967 306 4043 Duram
320 3995 406 4068 ergo
421 3971 575 4066 januam
592 3965 761 4041 Tibullus
775 3990 875 4039 nuno
898 3965 1085 4058 iracunde,
1105 3994 1204 4044 nunc

164 4102 376 4201 suppliciter
405 4105 549 4178 affatur.
582 4099 684 4194 Mon,
711 4124 886 4175 converso
913 4101 958 4173 ad
975 4099 1117 4175 Deliam
1139 4129 1210 4178 ser-
