2766 4950
703 487 889 556 ..40-

277 635 403 710 eadem
417 633 469 707 rei
485 659 580 709 verae
602 634 792 710 clariorem
807 636 972 710 induunt
987 659 1137 733 poeseos
1156 633 1328 726 colorem,

276 796 388 873 quam
402 798 484 871 quac
500 770 566 844 diu
588 769 765 843 meditata
783 795 861 844 esse
882 780 919 844 et
940 795 1006 867 per
1022 770 1141 844 otium
1163 767 1331 867 expolita

277 906 489 982 dubitemus
509 934 518 979 ε
537 930 667 1003 neque,
681 904 843 1002 exempli
856 904 987 1003 gratia,
1001 903 1144 978 credere
1167 927 1328 1000 pronum

278 1052 334 1116 est
361 1051 479 1116 totam
503 1038 547 1114 el.
573 1036 604 1132 I,
632 1042 654 1112 3
675 1048 821 1135 poetam
842 1038 882 1110 in
906 1037 1064 1138 Corcyra
1088 1037 1328 1136 languentem

279 1176 473 1253 confecisse
487 1203 497 1269 ;
511 1173 760 1248 incredibilius
772 1199 856 1247 eum
879 1173 1016 1248 ibidem
1029 1174 1153 1246 futura
1168 1172 1326 1246 dominas

280 1320 428 1410 peccata
442 1311 539 1408 (quas
560 1307 754 1381 artificiose
769 1318 1022 1406 praeparantur
1039 1334 1075 1381 v.
1087 1310 1132 1382 81
1144 1308 1218 1405 sq.)
1230 1307 1325 1403 jam·

278 1456 369 1520 tnnc
385 1468 462 1518 esse
481 1452 717 1541 auguratum.
739 1438 785 1514 In
801 1467 945 1515 summa
965 1441 1036 1515 hoc
1050 1441 1180 1515 saltem
1191 1465 1328 1538 ponere

277 1580 394 1654 licet:
427 1576 588 1652 carmina
619 1573 768 1649 Dehaca
797 1575 947 1650 ineunte
975 1600 1033 1650 an.
1069 1579 1137 1650 725
1164 1576 1324 1673 incepta,

277 1738 335 1787 an.
354 1716 422 1786 726
437 1712 534 1785 inter
548 1709 729 1784 litteratos
744 1711 881 1806 partim
903 1711 1051 1809 cognita
1069 1708 1134 1809 (l),
1158 1710 1328 1786 absoluta

275 1873 353 1923 esse
371 1872 432 1923 an.
449 1846 590 1921 circiter
606 1846 674 1918 727
689 1854 754 1918 aut
771 1848 854 1918 728.

325 1981 439 2056 Dehae
449 2005 594 2072 nomen,
607 1990 784 2079 tanquam
797 1977 938 2052 Lesbiae
952 1987 989 2053 et
999 1977 1206 2077 Lycoridis,
1222 1978 1328 2079 Cyn-

277 2117 364 2192 thiae
378 2127 416 2191 et
426 2115 609 2204 Corinnae,
625 2114 755 2187 fictum
769 2112 906 2212 absque
918 2111 1030 2187 dubio
1042 2125 1110 2188 est.
1136 2112 1327 2213 Quidquid

277 2261 402 2326 autem
414 2249 540 2324 Julius
557 2247 689 2346 Soury,
708 2247 910 2322 secundum
923 2247 1127 2322 Henrieum
1142 2247 1254 2336 Voss,
1279 2250 1328 2324 de

276 2384 447 2460 libertina
467 2393 592 2458 namot
617 2407 702 2456 vere
725 2382 881 2456 oriunda
909 2408 956 2457 ex
985 2383 1108 2457 insula
1126 2382 1220 2458 Delo
1248 2383 1329 2480 (ubi

276 2529 367 2594 tunc
379 2517 554 2616 temporis
569 2515 725 2591 celebres
752 2515 890 2590 fiebant
904 2518 1169 2617 mancipiorum
1187 2543 1327 2593 merca-

275 2658 395 2744 turae),
423 2676 520 2726 mere
547 2650 733 2725 fabulatur
755 2680 764 2724 :
789 2660 966 2749 tanquam
986 2650 1124 2724 nesciat
1139 2675 1219 2725 eam
1239 2678 1325 2726 con-

276 2784 509 2860 suetudinem
537 2783 650 2857 suisse
678 2783 856 2857 Romanis
875 2785 1095 2859 eroticorum
1120 2784 1326 2859 carminum

276 2919 495 3013 auctoribus,
512 2928 555 2992 ut
580 2918 714 2992 andcas
728 2917 856 3017 graecis
880 2919 1147 3018 cognomentis,
1162 2930 1200 2994 at
1213 2918 1326 3018 sylla-

275 3052 404 3127 barum
417 3077 572 3127 numcro
584 3051 826 3150 prosodiaque
839 3052 1032 3138 similibus,
1047 3066 1323 3152 nuncuparent,

275 3188 560 3287 haudquaquam
573 3186 737 3284 ipsarum
748 3187 852 3260 famae
865 3187 1037 3286 parcendi
1049 3214 1168 3278 causa,
1185 3190 1249 3263 sed
1261 3189 1324 3263 ad·

276 3323 387 3397 dendi
400 3321 533 3420 poetici
551 3320 743 3417 cujusdam
762 3321 900 3396 decoris
909 3351 919 3416 3
941 3322 993 3395 ita
1008 3333 1052 3396 ut
1064 3332 1243 3421 protervae
1257 3349 1327 3419 pe-

276 3457 354 3532 licis
373 3482 521 3546 nomen‚
536 3454 847 3554 quemadmodum
860 3454 1080 3532 honestioris
1093 3454 1271 3547 mulieris,
1287 3456 1326 3529 in

311 3785 350 3858 (1)
364 3784 456 3841 Ovidii
476 3801 585 3839 versum
604 3800 685 3855 supra
705 3781 822 3836 vidimus
843 3782 913 3854 (cap.
930 3782 966 3853 1),
981 3783 1122 3839 Tibullum
1137 3801 1182 3842 an.
1199 3785 1253 3841 726
1268 3783 1328 3855 jam

274 3880 368 3930 notum
380 3872 548 3944 perhibentis
562 3890 569 3926 ε
583 3872 646 3927 ideo
660 3877 703 3927 sat
715 3871 863 3926 verisimile
883 3871 1001 3928 arbitror
1015 3891 1069 3928 non
1084 3875 1166 3929 modo
1178 3874 1214 3929 el.
1228 3873 1256 3941 I,
1280 3875 1328 3945 10,

274 3979 368 4016 verum
383 3961 465 4017 etiam
479 3965 533 4016 tres
547 3961 648 4033 primas
660 3961 694 4017 de
709 3961 790 4015 Delia
804 3961 904 4030 elegias
922 3962 950 4016 id
966 3965 1096 4035 temporis
1111 3963 1275 4020 innotuisse.
1291 3995 1328 4006 -

275 4051 348 4106 Num
366 4056 421 4105 tres
443 4049 497 4104 illae
517 4050 611 4121 slogio
635 4051 722 4124 primo
738 4051 821 4122 (quod
834 4051 921 4106 credit
934 4053 1074 4126 Baehrens)
1088 4053 1240 4110 distinctim
1253 4053 1329 4109 edita

276 4140 340 4207 sint,
356 4156 390 4193 ne
403 4139 559 4210 conjectare
574 4140 682 4210 quidem
697 4157 848 4212 possumus.
