2766 4950
487 500 677 571 -27-

93 641 180 718 tinus
206 671 252 721 ex
287 645 434 721 Horatii
460 648 618 747 epistula
651 649 699 745 (v.
731 648 860 745 12-16)
888 646 1108 744 Epicuream

92 778 276 873 sapientiam
287 807 363 856 non
381 780 494 855 imam
508 781 675 873 scrutari,
704 782 768 856 sed
790 781 912 880 potius
927 803 1108 854 summam

92 909 255 1011 attingere,
265 912 445 988 liberioris
457 914 629 1014 discipuli
646 915 773 1009 instar,
787 915 894 989 nobis
908 915 1107 1014 ingenuam

90 1040 209 1120 videtur
225 1047 358 1124 referre
382 1048 522 1123 Tibulli
542 1060 683 1126 notam.
715 1048 859 1149 Itaque,
888 1049 1108 1146 contemptis

88 1174 202 1255 AEmilii
219 1182 396 1259 Baehrens
413 1184 620 1276 calumniis,
635 1185 838 1261 Horatiana
852 1183 949 1259 dicta
962 1194 1045 1259 tuto
1064 1182 1109 1256 dc

86 1325 189 1390 nostro
203 1328 313 1416 poeta
329 1317 599 1418 intellegemus.

121 1447 242 1525 Albius
272 1452 444 1527 Tibullus
461 1451 595 1552 (Aulus
619 1453 870 1550 praenomine?
887 1453 986 1552 quod
1007 1450 1110 1526 facile

83 1576 122 1652 ob
130 1583 296 1661 iteratum
313 1587 498 1686 sequentis
523 1586 683 1661 nominis
699 1587 735 1661 A
752 1586 941 1685 exciderit)
965 1585 1106 1675 Gabiis,

81 1707 105 1783 si
133 1720 316 1817 plausibili
339 1722 438 1797 AEm.
468 1720 642 1795 Baehrens
679 1723 895 1820 conjectura
927 1719 1109 1796 assentia-

78 1867 146 1926 mur
163 1854 226 1954 (1),
255 1857 415 1955 equestri
443 1856 524 1930 loco
548 1866 657 1930 natus
698 1867 765 1932 est.
795 1856 1033 1946 Praemature,
1065 1865 1108 1929 ut

78 1982 218 2081 videtur,
248 2000 351 2087 patre
377 1991 543 2081 orbatus,
564 1991 662 2064 inter
693 2001 849 2065 matrem
877 2015 1108 2088 sororemque

77 2117 200 2198 adcluit
219 2123 321 2220 (nam
340 2124 379 2197 in
404 2124 529 2223 elegiis
553 2124 756 2216 ambarum,
782 2151 964 2224 nusquam
993 2125 1107 2223 patris

72 2251 106 2329 fit
125 2257 281 2351 mentio)
306 2260 436 2356 :cujus
461 2269 556 2334 ccrtc
582 2259 746 2334 femineae
773 2259 926 2334 culturae
951 2258 1107 2357 vestigia

69 2390 205 2465 animus
228 2391 493 2505 ingenjnmque
517 2393 684 2469 retinuit.
706 2393 844 2467 Utrum
870 2392 1020 2466 Athenis
1045 2390 1106 2464 ali·

63 2525 205 2625 quando
219 2526 413 2619 studuerit,
430 2526 677 2602 litteratorum
686 2526 974 2602 adulescentium
994 2551 1104 2619 more,

59 2658 262 2754 nescimus;
277 2668 315 2734 at
329 2659 428 2758 quod
445 2662 625 2735 affirmare
638 2658 736 2750 licet,
754 2661 832 2734 ruri
854 2685 944 2757 puer
967 2659 1106 2733 diutius

57 2817 170 2894 quam
188 2793 228 2866 in
260 2790 360 2866 Urbe
384 2791 498 2892 degit,
528 2793 624 2868 inter
641 2793 739 2866 avita
754 2792 902 2866 arbusta
927 2792 1105 2890 laresque

57 2927 206 3025 «prisco
223 2951 243 3001 e
256 2925 381 3024 stipite
394 2925 539 3000 saetosa
554 2925 623 3024 piis
639 2925 915 3024 agrestibusque
927 2924 1106 2999 formatus

54 3059 276 3158 disciplinis.
296 3058 436 3134 Tibulli
451 3058 604 3149 familia,
621 3059 801 3157 principio
814 3058 959 3158 magnis
973 3058 1106 3155 opibus

53 3194 225 3294 praedita,
246 3193 417 3292 deinceps
438 3219 535 3267 anno
549 3193 676 3291 procul
692 3193 805 3266 dubio
822 3195 905 3282 713,
923 3219 1007 3266 cum
1027 3193 1107 3292 agri

52 3331 155 3404 inter
163 3328 300 3404 milites
313 3327 441 3426 partiti
449 3339 506 3403 tot
518 3327 682 3425 ejusdem
697 3326 765 3402 aevi
777 3327 894 3425 poetis
909 3325 1103 3425 (Vergilio,

54 3462 225 3557 Horatio,
256 3459 468 3560 Propertio)
496 3461 696 3536 calamitati
735 3461 865 3554 forent,
900 3460 1006 3535 bonis
1029 3460 1104 3558 plc-

92 3783 133 3853 (1)
149 3780 251 3851 Incipit
265 3780 294 3835 in
311 3779 450 3835 codicibus
460 3777 625 3834 Suetoniana
638 3779 703 3834 Vita
718 3799 724 3835 :
739 3800 751 3830 α
767 3778 866 3832 Albius
881 3777 1006 3832 Tibullus
1021 3793 1104 3848 eques

49 3870 157 3942 regalis
174 3888 204 3939 »3
224 3875 251 3925 ct
264 3888 313 3941 pro
329 3869 446 3926 absurdo
460 3869 508 3924 illo
520 3871 630 3941 repulia,
647 3869 730 3938 vulgo
745 3868 840 3939 legunt
855 3885 1007 3922 otomanus
1024 3887 1047 3926 r.
1064 3868 1102 3921 At

52 3958 190 4015 Baehrens
213 3957 379 4028 ingeniosius
396 3978 408 4008 α
424 3974 506 4030 eques
520 3957 554 4011 R.
570 3973 584 4009 c
598 3956 682 4011 Gabis
698 3978 711 4007 s
734 3959 792 4027 (=
805 3957 941 4010 Romanus
958 3972 972 4007 c
988 3953 1113 4031 Gabiisl·

53 4047 135 4115 Quod
145 4064 178 4101 co
193 4046 368 4113 verisimilius
377 4052 428 4114 cst,
440 4045 510 4116 quod
521 4046 787 4101 Suetoniusvirorum
800 4045 932 4114 originem
943 4044 1008 4097 itcm
1018 4051 1113 4098 notare

53 4139 129 4194 solet
144 4140 197 4208 (se
213 4136 304 4192 Sicilia
319 4159 344 4205 s,
363 4136 502 4191 scGallia
522 4155 548 4204 a,
568 4138 635 4205 otc.)

1003 4236 1017 4284 3
