2766 4950
688 471 737 486 ..
764 434 810 503 94
835 472 882 485 ..

421 580 490 665 Ipse
502 599 599 645 rerem
613 582 723 643 heaut
734 585 852 643 maturo
866 585 998 661 tempore
1011 580 1098 651 vitet.-

480 802 616 866 Prabeet
631 807 661 864 et
667 804 754 883 plene
766 801 891 884 pinguia
905 807 1004 865 musta
1018 804 1098 863 iera.

555 926 558 930 ’
987 921 1019 980 (v.
1030 920 1053 978 r,
1068 916 1109 982 ru)

481 1088 569 1153 Dona
581 1090 758 1169 receperis
773 1089 904 1170 spernite
916 1088 1066 1171 fictilibus.

1019 1203 1052 1266 (v.
1064 1203 1105 1266 ³8)

482 1375 523 1441 tlt
535 1376 687 1439 dominam
698 1383 791 1439 aneo
809 1376 972 1440 detinuisse
987 1376 1066 1438 aiau.

1023 1493 1056 1554 (v.
1067 1492 1108 1553 48)

483 1663 587 1726 Dicere
601 1681 656 1725 nee
670 1680 740 1725 eaeo
756 1660 1026 1742 blanditiescepiti.

1018 1778 1053 1840 (v.
1067 1775 1108 1837 ⁷2)

262 2000 394 2076 Totius
409 2012 532 2077 autem
547 2001 696 2076 distichi
710 2027 750 2076 ea
767 2013 950 2076 structura
962 2000 1035 2076 fere
1049 2011 1117 2090 est,
1136 2009 1179 2073 ut
1190 1999 1312 2073 hexa-

260 2145 377 2209 meter
393 2157 412 2207 (ί
428 2134 507 2208 dux
526 2147 563 2209 et
577 2137 783 2232 magister»
801 2136 853 2232 (1)
876 2134 1065 2226 habeatur,
1080 2143 1312 2233 pentameter

260 2266 373 2367 hujus
392 2294 541 2344 sensum
554 2270 735 2368 producat
750 2280 787 2344 et
800 2268 1010 2368 amplificet,
1030 2268 1107 2343 sive
1122 2267 1309 2367 anaphora

261 2407 337 2480 sive
357 2404 530 2478 antithesi
552 2404 698 2503 aliqua3
720 2405 852 2502 sapius
878 2404 976 2479 enim
996 2403 1207 2503 geminatur
1225 2402 1312 2503 plue

260 2540 383 2613 miuus
398 2540 534 2613 variata
547 2540 585 2611 in
606 2539 720 2613 altero
732 2565 841 2613 versu
868 2538 1062 2629 sententie,
1081 2539 1175 2613 sicut
1190 2563 1237 2613 ex
1253 2538 1312 2612 his

261 2684 412 2772 apparet
426 2673 498 2768 (2):

421 2878 469 2937 lle
477 2879 601 2937 retineat
613 2878 740 2938 uinctum
752 2879 891 2940 formesae
906 2878 1000 2939 uincla
1014 2878 1120 2958 puellae

479 3029 517 3038 —
533 2994 574 3053 Et
588 2996 662 3054 sedeo
677 2996 767 3055 dures
787 2994 900 3072 janiior
911 2995 1073 3073 aittesoree.

422 3216 460 3277 Te
471 3223 598 3296 spectem,
613 3235 747 3294 sufflatae
759 3216 833 3277 mihi
861 3216 1057 3278 cumvenerit
1072 3219 1154 3287 iere,

481 3362 518 3376 —
536 3332 575 3391 Te
588 3336 696 3391 terreum
714 3332 836 3391 moriere
848 3330 1008 3394 deficiente
1023 3350 1125 3393 manu.

418 3448 517 3507 Flebis
531 3453 558 3507 et
568 3466 668 3508 arsuro
683 3448 813 3527 positum
825 3466 883 3522 me,
900 3447 992 3523 Delie,
1008 3447 1095 3518 lecto,

478 3597 514 3607 -
532 3564 678 3624 Tristibus
691 3569 717 3622 el
731 3564 857 3623 lacrimis
868 3563 967 3624 oscula
983 3563 1078 3624 mixta
1090 3564 1184 3624 duliae.

905 3678 935 3741 (1,
949 3683 970 3741 1,
987 3693 1009 3727 r.
1022 3679 1104 3741 tit-62)

293 3901 329 3970 (li
341 3902 403 3955 Lus.
426 3901 550 3969 Mueller,
562 3900 590 3954 iu
601 3902 681 3971 praef.
698 3901 741 3959 ed.
753 3901 814 3958 Tib.
828 3900 931 3974 (1874).

291 3991 330 4059 (2)
347 3991 400 4046 Hie
419 3997 446 4046 et
469 3991 497 4045 iu
516 3991 611 4045 ceteris
627 3990 759 4061 exemplis
783 3990 872 4060 elegia
893 3992 918 4059 1,
939 3993 950 4044 l
967 3989 1139 4060 potissimum
1163 3989 1204 4044 uti
1218 3990 1306 4045 visum

256 4084 306 4145 est,
326 4097 411 4150 neque
433 4085 508 4133 estre
524 4080 621 4134 librum
642 4080 766 4149 primum,
781 4084 875 4151 utpote
887 4078 1130 4151 perfeetiseimum,
1146 4095 1302 4140 excurrere.
