2766 4950
669 563 864 632 ..16-

115 692 118 697 ⁵
246 706 319 781 bile
345 707 505 781 videtur.
524 706 570 780 In
601 734 744 783 summa
766 711 811 786 de
836 711 1031 811 Lygdamo
1053 698 1124 784 hoc
1150 720 1300 785 tantum

247 840 383 916 scimus
405 870 414 915 :
434 841 611 938 juvenem
639 842 749 918 fuisse
775 843 820 917 de
845 855 940 919 coetu
961 843 1141 938 Messalae,
1163 842 1301 919 Ovidio

237 985 354 1049 'atate
379 999 512 1071 parem,
533 974 673 1049 Tibulli
702 976 968 1071 admiratorem,
993 977 1226 1052 mediocriter
1244 977 1300 1048 in-

247 1106 467 1206 geniosum3
488 1108 595 1206 cujus
623 1135 689 1183 sex
716 1110 839 1210 elegiae
866 1112 973 1187 editae
1007 1112 1083 1186 sint
1114 1136 1188 1185 una
1217 1100 1303 1184 cum

245 1240 453 1316 tibullianis
476 1254 513 1318 et
544 1244 906 1341 pseudotibullianis
929 1272 1010 1346 quae
1028 1246 1093 1322 lib.
1110 1241 1167 1320 IV
1186 1244 1302 1319 conti·

246 1386 400 1451 nentur.
1277 1395 1281 1401 ’

251 1677 254 1684 ’
297 1643 408 1721 Liber
433 1643 496 1719 ille
520 1643 578 1718 IV
608 1645 730 1743 primo
767 1647 902 1721 obtutu
936 1645 1150 1721 inconditus
1168 1646 1302 1720 &confu-

250 1803 384 1877 susque
420 1777 625 1852 admodum
660 1778 823 1854 videtur.
848 1778 979 1856 Oritur
1001 1806 1022 1854 a
1046 1780 1205 1855 carmine
1229 1782 1301 1854 211

238 1912 415 1987 ¹versibus
435 1911 664 1986 hexametris
696 1924 900 2000 constante,
929 1914 989 1988 cui
1012 1938 1031 1987 (<
1049 1913 1304 2013 Panegyricus

252 2044 417 2134 Messalae
433 2045 604 2120 »titulus
631 2057 688 2121 cst
707 2075 717 2122 ς
734 2047 826 2122 rude
849 2047 955 2123 valde
979 2074 1020 2122 ac
1036 2048 1176 2146 puerile
1190 2066 1302 2146 opus·

250 2181 387 2272 culum,
401 2180 501 2278 quod
536 2178 704 2280 plerique
730 2179 839 2274 docti,
865 2180 1005 2282 Heyne,
1037 2181 1149 2275 Bach,
1167 2181 1303 2258 Palda·

249 2312 499 2407 mus,Dissen,
509 2312 735 2407 Lachmann,
744 2311 961 2414 Hertzberg,
972 2313 1112 2413 Haupt,
1133 2313 1301 2412 Mueller,

250 2447 435 2540 Baehrens,
451 2471 609 2546 quorum
626 2457 844 2546 argumenta
859 2473 977 2547 nuper
990 2448 1039 2523 H.
1057 2448 1234 2548 Hartung
1248 2448 1301 2550 (Ι)

250 2579 377 2655 sedulo
402 2579 647 2678 recolligebat,
677 2579 828 2654 Tibullo
853 2580 1075 2677 abjudicant,
1110 2582 1217 2680 pauci
1247 2593 1302 2657 ta·

249 2739 335 2787 men
356 2712 616 2788 Tibulhanum
652 2693 892 2809 contendunt,
917 2715 1099 2813 praeoipue
1125 2715 1301 2816 Scaliger,

248 2846 358 2938 Voss,
381 2847 547 2947 Gruppe,
568 2848 722 2940 Teuffel,
740 2876 831 2948 quos
849 2849 893 2926 F.
911 2849 1059 2925 Hankel
1070 2850 1111 2923 in
1126 2851 1304 2926 distincto

249 2981 371 3056 libello
389 2982 455 3080 (2),
478 2981 521 3059 G.
548 2981 770 3057 Larroumet
788 2984 885 3081 apud
905 3009 973 3059 nos
993 2982 1041 3084 (3)
1063 2984 1178 3059 secuti
1198 2995 1300 3058 sunt.

249 3115 331 3190 Mea
345 3143 432 3191 vero
457 3117 657 3209 sententia,
671 3116 719 3191 lis
736 3143 778 3191 ea
800 3128 856 3192 est
879 3144 969 3217 quae,
985 3119 1102 3193 firmis
1116 3118 1305 3218 utrimque

247 3249 499 3325 deficientibus
532 3251 774 3349 argumentis,
803 3277 996 3351 nunquam
1022 3252 1146 3326 dirimi
1180 3264 1301 3352 queat.

246 3382 330 3458 Hoc
354 3410 473 3458 unum
499 3409 549 3460 ex
576 3395 657 3459 tota
683 3386 966 3484 discerptatione
990 3396 1099 3460 tenco
1123 3373 1298 3462 certum:

244 3503 519 3617 Panegyricum
556 3544 687 3593 revera
721 3545 781 3593 an.
814 3522 882 3594 723
921 3518 1087 3595 Messalae
1131 3520 1302 3595 oblatum

247 3679 338 3747 esse,
369 3678 615 3753 nequaquam,
649 3664 692 3728 ut
713 3652 844 3753 Heyne
870 3654 1081 3749 arbitratur,
1105 3680 1131 3728 va
1157 3654 1302 3732 rhetore

243 3785 370 3886 aliquo
406 3786 621 3886 posterioris
654 3787 725 3862 aevi
760 3789 985 3863 scholasticae
1024 3789 1304 3868 exercitationis

277 4035 315 4106 (1)
329 4037 368 4092 De
389 4035 561 4107 Panegyrico
572 4037 609 4092 ad
625 4037 775 4094 Messalam
785 4039 1080 4108 pseudo-Tibulliaaa
1091 4037 1202 4108 Lipsiae,
1217 4037 1299 4100 1880,

280 4125 314 4195 (2)
329 4125 371 4181 De
381 4127 548 4196 Panegyrico
560 4128 590 4181 ia
603 4127 746 4182 Messalam
758 4126 925 4194 Tibulliaao,
939 4127 1006 4185 Hal.
1018 4128 1092 4195 Sara,
1109 4128 1187 4186 1876.
1278 4138 1282 4149 “

273 4211 312 4285 (3)
323 4216 362 4268 De
376 4219 475 4285 quarto
500 4215 601 4270 Tibulli
623 4214 703 4285 libro,
721 4214 839 4286 Parisiis,
857 4216 936 4274 1882.
1011 4278 1014 4288 Ι
