2766 4950
354 1016 857 1163 ruosscousul

298 1774 343 1829 llll
361 1774 496 1830 usum
517 1774 627 1830 TEXTU
649 1772 913 1830 CONS'l'lTUENDO

133 2028 212 2102 Vix
240 2029 340 2103 ullus
364 2040 422 2104 est
444 2030 542 2104 inter
565 2029 753 2104 Romanos
791 2029 999 2128 scriptores,
1032 2029 1136 2125 cujus

81 2174 211 2239 textus
242 2165 408 2239 criticam
441 2165 641 2240 sollertiam
679 2166 799 2265 magis
834 2165 997 2264 requirat
1025 2188 1136 2262 quarn

84 2297 253 2373 Tibulli:
278 2325 362 2373 curn
384 2310 421 2373 et
443 2324 584 2391 omnes,
608 2325 700 2399 quos
725 2299 845 2373 adhuc
868 2299 1057 2390 habemus,
1077 2322 1135 2372 co·

82 2432 181 2508 dices
193 2431 243 2532 (1)
255 2432 393 2507 novicii
414 2433 489 2508 sint
509 2433 805 2533 omnimodisque
824 2433 925 2507 vitiis
941 2432 1134 2531 inquinati,

82 2579 121 2643 et
148 2567 331 2666 corruptis
353 2567 428 2640 illis
457 2567 643 2642 codicibus
679 2594 752 2667 qua
782 2567 924 2642 ratione
953 2567 1135 2641 utendum

81 2701 304 2801 disputetur.
333 2698 380 2774 In
401 2701 447 2774 iis
472 2712 602 2776 textus
617 2701 819 2776 Tibulliani
841 2700 1133 2791 difficultatibus,

81 2860 201 2933 nuper
222 2833 275 2909 M.
302 2833 502 2909 Rothsiein
524 2833 585 2934 (2),
609 2835 740 2911 deinde
766 2834 812 2910 R.
839 2833 1037 2909 Leonhard
1066 2833 1130 2934 (3),

82 2968 283 3067 aliquando
301 2968 586 3059 consentienter,
602 2969 690 3042 alies
704 2967 864 3042 invicem
880 2968 1131 3061 adversantes,

82 3110 222 3175 rectam
247 3100 350 3175 crisis
380 3098 591 3175 factitandae
616 3100 716 3174 viam
742 3111 948 3176 monstrare
984 3101 1133 3175 studue-

120 3375 160 3446 (1)
197 3375 277 3431 Certo
306 3383 399 3432 temen
429 3377 558 3433 docemur
594 3379 711 3449 (Haupt,
741 3376 882 3447 Baehrens)
912 3376 985 3451 circs
1012 3376 1133 3432 medium

86 3481 150 3524 saec.
177 3479 227 3520 xiv
256 3465 426 3522 'l'ibullienss
454 3467 562 3524 chortes
597 3467 737 3523 doctorum
775 3467 900 3521 manibus
928 3474 1050 3522 versatas
1075 3467 1134 3538 jum

84 3570 166 3608 esse:
191 3571 309 3626 numque
334 3557 374 3614 Gt
396 3557 944 3628 Psstrengicus(1290·1365),Petrarcae
972 3557 1088 3627 curicus,
1104 3556 1133 3610 iu

83 3640 184 3695 librum
214 3642 251 3699 De
275 3647 380 3714 criptae
402 3662 495 3702 rerum
520 3651 549 3700 et
572 3645 683 3716 quidam
708 3645 874 3700 Veronensis
900 3650 995 3699 suctos
1013 3644 1041 3698 iu
1070 3660 1134 3699 suos

83 3730 175 3786 Flores
209 3735 402 3790 auctoritatum
428 3736 574 3791 moralium
599 3736 690 3806 (1329)
717 3735 819 3789 Tibulli
854 3751 946 3789 versus
980 3734 1133 3803 transcrip-

83 3826 188 3889 serunt,
197 3837 309 3890 quorum
322 3822 406 3894 aliqui
417 3825 499 3879 nullis
512 3843 547 3879 ex
557 3825 668 3880 scholiis
684 3830 731 3879 sut
745 3823 879 3896 excerptis
888 3840 1002 3877 monere
1013 3827 1132 3892 possent.

86 3908 153 3970 Quae
168 3909 238 3963 bons
250 3928 322 3966 nuuc
337 3914 503 3985 exemplaria
518 3913 561 3969 vel
573 3914 669 3981 latent,
678 3913 722 3967 vel
737 3913 882 3984 perierunt.

121 4000 160 4067 il)
176 4001 215 4053 Dc
229 4001 331 4056 satulli
346 4000 503 4073 Codicibus,
516 4003 644 4072 Berolini,
657 4004 735 4058 1880.

124 4087 163 4156 (3)
178 4092 217 4143 De
231 4089 378 4147 Codicibus
394 4093 569 4160 libellionis,
586 4091 729 4159 Mouschii,
749 4090 826 4147 1882.
