2766 4950
582 521 628 530 -
656 483 701 552 39
729 520 777 531 -

168 658 257 732 pars,
270 641 389 706 cetera
402 629 517 728 elegia
530 629 701 728 praeclare
716 629 957 729 significatur,
971 629 1021 704 ita
1033 628 1215 703 molhoris

166 791 309 866 quoque
333 763 516 861 cupidinis
548 763 801 862 praenuntium
824 763 1002 838 habemus
1028 764 1111 853 hoc,
1137 787 1213 836 non

166 900 284 999 reipsa
300 898 470 989 amantis,
492 898 553 973 sed
568 924 688 974 amare
701 899 878 998 optantis,
904 899 1108 993 distichon3
1125 923 1215 997 qua-

144 1044 318 1141 propter
338 1032 384 1109 el.
400 1029 435 1124 I,
450 1034 497 1108 10
522 1033 626 1133 quasi
643 1033 870 1108 vestibulum
895 1033 968 1109 dici
990 1043 1122 1132 potest,
1142 1058 1215 1131 quo

164 1169 213 1243 od
239 1167 399 1256 Deliam,
441 1165 644 1266 «primum
672 1193 832 1244 amorem
861 1190 880 1242 a
924 1179 1050 1268 poetae,
1074 1167 1214 1266 perdu-

164 1303 298 1378 cimur.

216 1435 376 1528 Quando
385 1434 547 1533 quinque
554 1435 599 1509 de
615 1433 720 1509 Delia
732 1435 880 1536 elegias,
898 1462 982 1510 cum
995 1435 1080 1509 libri
1094 1434 1216 1534 primi,

163 1582 249 1646 tum
274 1569 483 1643 universius
513 1568 631 1667 operis
657 1569 715 1643 sui
739 1569 941 1669 fastigium,
967 1569 1134 1644 Tibullus
1159 1570 1217 1643 in·

164 1703 332 1796 choabat,
364 1727 407 1777 eo
433 1711 528 1776 certe
556 1714 706 1777 venerat
717 1703 928 1800 juventutis
950 1731 1034 1778 oum
1048 1704 1216 1778 nondum

165 1837 282 1913 animi
292 1837 360 1911 flos
368 1835 550 1911 delibatus
564 1848 670 1931 esset,
686 1838 877 1937 ingenium
893 1850 970 1914 arte
978 1840 1057 1938 jam
1071 1850 1217 1915 matura

166 1970 338 2070 polleret.
351 1967 522 2045 ceterum
531 1997 641 2069 supra
649 1982 881 2071 perspectum
891 1974 1067 2049 habemus
1080 1975 1219 2074 primas

166 2106 283 2204 hujus
297 2108 400 2182 seriei
414 2107 547 2207 elegias
565 2118 662 2183 arcte
677 2108 831 2183 attinere
845 2109 891 2181 ad
904 2110 1072 2207 quaedam
1094 2108 1220 2184 Tibul-

131 2308 134 2313 .
164 2240 276 2315 lianae
292 2241 380 2317 vitae
395 2243 502 2333 sacta,
532 2268 691 2341 quorum
716 2253 883 2341 tempora
903 2255 959 2318 sat
983 2244 1222 2343 probabiliter

165 2375 394 2491 definiantur
415 2406 423 2452 :
443 2377 496 2452 ita
518 2387 561 2451 ut
577 2377 623 2452 el.
635 2374 698 2482 1‚1
717 2377 845 2450 —ubi
863 2376 1031 2452 Messalae
1047 2378 1221 2453 invitatio

160 2520 368 2605 recusatur,
407 2511 599 2586 Tibullum
631 2512 671 2584 in
708 2510 898 2587 Orientem
933 2539 1057 2587 seeum
1084 2513 1215 2589 ducere

161 2644 345 2742 cupientis
367 2644 525 2719 -bene
547 2645 593 2718 ad
614 2645 772 2720 hiemem
796 2649 865 2720 725
881 2646 1060 2744 assignari
1073 2647 1216 2744 possit3

162 2776 435 2878 el.I‚3·—quae
446 2777 610 2854 Messalae
622 2780 807 2854 cohortem
820 2804 838 2853 ((
849 2781 1056 2880 perAEgeas
1066 2780 1184 2855 undas
1195 2805 1214 2855 a

164 2918 389 3006 pergentem,
403 2908 526 3007 ipsum
543 2907 732 2982 Tibullum
748 2910 787 2981 in
799 2908 958 3009 Corcyra
977 2921 1216 3010 {egrotantem

167 3042 334 3139 perhibet
348 3082 393 3098 -
404 3042 449 3115 ad
458 3048 624 3117 aestat'em
636 3044 800 3141 ejusdem
811 3044 899 3117 anni
909 3044 959 3142 (1)
969 3074 979 3138 ;
989 3044 1037 3118 el.
1050 3044 1116 3137 Li
1131 3068 1218 3120 vero

168 3176 268 3252 inter
281 3187 474 3276 utramque
491 3179 687 3254 statuenda
702 3180 750 3253 sit
764 3209 772 3254 :
788 3180 862 3253 nisi
874 3180 1079 3254 cavendum
1096 3192 1152 3255 est
1170 3207 1217 3255 ne

170 3308 328 3385 nimium
346 3311 463 3411 rigide
477 3312 523 3386 de
534 3311 748 3411 hujusmodi
761 3313 869 3388 rebus
876 3314 1076 3411 judicetur.
1092 3313 1218 3389 Tibul-

172 3445 228 3521 lus
242 3445 343 3520 enim
355 3446 571 3544 neutiquam
588 3446 737 3522 illorum
757 3457 949 3522 auctorum
964 3458 1029 3542 est,
1045 3447 1118 3547 qui,
1131 3447 1217 3524 Ovi·

172 3581 223 3655 dii
236 3605 349 3674 more,
362 3577 540 3680 quidquid
552 3580 622 3655 sibi
637 3582 842 3680 contigerit,
853 3583 1096 3681 extemporali
1111 3609 1220 3659 versu

174 3714 373 3807 illustrant;
398 3714 571 3815 pleraque
594 3716 672 3812 ejus
696 3715 858 3790 earmina
880 3717 1002 3791 nitent
1023 3727 1100 3792 arte
1125 3729 1162 3792 et
1182 3718 1219 3790 in

177 3849 330 3949 singulis
357 3849 523 3948 partibus
547 3860 584 3924 et
607 3849 647 3923 in
671 3860 751 3924 toto
778 3852 949 3949 ponendo
977 3852 1220 3945 concinniore,

211 4054 246 4126 (1)
267 4053 341 4108 Nota
360 4070 422 4108 oum
442 4053 552 4108 AEmilio
568 4053 696 4108 Baehrens
712 4052 740 4108 in
755 4054 790 4112 el.
813 4056 838 4121 Ι,
858 4061 867 4111 l
894 4061 922 4112 et
941 4058 957 4112 2
975 4055 1116 4111 hibernam
1140 4053 1227 4125 magis

179 4146 367 4214 tempestatem
380 4149 443 4196 ante
457 4143 548 4198 oeulos
560 4143 635 4212 poni,
650 4142 679 4195 in
694 4143 729 4200 el.
749 4145 771 4214 I,
790 4149 804 4200 3
821 4147 957 4206 aestivam.
