2766 4950
699 441 894 512 -82-

183 608 185 610 ’
268 591 350 690 pori
360 591 560 682 obnoxius,
573 589 775 686 voluptatis
786 589 948 687 impense
959 590 1119 687 cupiens,
1129 586 1317 660 suitamen

268 750 416 821 compos
430 734 467 798 et
490 724 535 798 ad
563 723 633 797 alia
656 749 801 822 quoque
825 724 946 799 studia
970 711 1149 812 attentus,
1179 717 1318 792 nedum

228 877 247 955 J
268 859 374 933 nobis
388 858 722 958 nuncreferatquae
737 859 854 934 effuso
880 859 1002 933 animo
1027 839 1072 933 de
1093 856 1209 948 Delia,
1234 879 1318 952 quae
1349 949 1355 958 Ι

267 993 363 1100 elato
376 992 421 1066 de
444 992 600 1091 Glycera
617 993 814 1093 quondam
828 989 990 1068 canebat.
1012 982 1134 1089 Ipsius
1152 989 1318 1064 Nemesis

127 1149 129 1152 ’
266 1153 520 1226 personarum
540 1127 609 1201 hoc
633 1152 731 1202 novo
758 1127 896 1201 Tibulli
917 1127 1045 1201 habitu
1069 1125 1205 1223 oppido
1234 1149 1318 1197 con·

266 1263 368 1363 gruit
383 1291 392 1336 ι
408 1286 523 1359 rapax
535 1262 600 1335 illa
614 1271 668 1336 est
681 1274 719 1336 et
734 1287 859 1359 aspera
874 1261 1061 1352 meretrix,
1088 1285 1168 1357 quae
1194 1256 1318 1355 palam

267 1421 416 1494 corpore
430 1406 613 1494 quaestum
628 1396 728 1487 facit,
747 1408 892 1493 poetam
915 1421 1003 1470 vero
1024 1393 1169 1492 egregia
1183 1391 1315 1478 forma,

271 1529 516 1629 «loquacibus
529 1530 645 1604 oculis
665 1554 697 1623 1),
714 1529 919 1603 libidinosis
939 1554 1083 1628 quoque
1097 1524 1237 1601 artibus
1255 1524 1315 1599 de-

265 1665 432 1739 vinctum
446 1664 594 1739 retinet.
617 1659 858 1739 Etnonnulla
876 1664 921 1738 de
940 1662 1106 1737 Nemesis
1121 1661 1198 1734 vita
1212 1660 1319 1733 inve-

267 1799 423 1873 niuntur
455 1798 553 1896 apud
587 1797 790 1892 Tibullum,
819 1800 953 1897 quibus
980 1797 1154 1872 feminam
1189 1820 1318 1869 revera

266 1932 433 2007 extitisse
443 1942 610 2007 constat:
625 1960 705 2032 quae
716 1933 832 2008 fertur
841 1946 877 2008 et
884 1932 1105 2006 habitavisse
1120 1956 1204 2004 cum
1214 1927 1318 2026 puel-

264 2066 340 2139 lula
356 2092 489 2157 sorore,
501 2067 699 2141 immaturo
712 2068 897 2166 quondam
910 2066 1046 2159 funere,
1060 2091 1144 2138 cum
1157 2063 1318 2137 fenestra

264 2200 578 2298 praecipitavisset,
607 2201 828 2299 interempta
849 2200 904 2300 (el.
936 2204 969 2293 6,
986 2227 1022 2272 v.
1044 2197 1183 2294 art-40),
1214 2207 1252 2270 et
1275 2195 1315 2268 111

264 2333 402 2408 deliciis
426 2334 551 2408 haberi
576 2360 598 2407 a
625 2361 745 2409 crasso
767 2347 802 2410 et
828 2334 1024 2433 pecunioso
1050 2331 1210 2421 homine,
1231 2355 1314 2404 con·

175 2534 176 2539 ,
263 2467 405 2542 dicione
419 2467 508 2543 olim
528 2469 650 2543 servili
669 2470 727 2566 (el.
745 2474 776 2561 3,
808 2497 846 2543 v.
878 2474 922 2542 59
954 2469 1041 2568 sq.),
1078 2492 1187 2564 quem
1217 2489 1314 2562 saepe

264 2603 420 2700 coegerit

363 2841 489 2902 Barbara
504 2853 643 2921 gypsatos
656 2845 732 2904 ferre
747 2851 860 2904 catasta
880 2843 976 2922 podes.

310 3141 399 3233 Quae
413 3169 500 3217 vero
517 3148 695 3242 supremis
717 3147 774 3218 his
800 3147 939 3220 Tibulli
967 3147 1150 3220 amoribus
1174 3144 1312 3217 fuerint

259 3275 545 3367 vicissitudines,
561 3304 607 3351 ex
621 3279 750 3353 ordine
766 3280 868 3354 facilc
883 3305 1093 3378 prosequar.

306 3408 367 3483 El.
387 3416 422 3502 l,
441 3410 567 3508 primae
582 3410 699 3486 libril
717 3440 758 3487 eo
773 3413 974 3487 consimilis
991 3412 1091 3512 quod
1106 3412 1195 3486 item
1216 3410 1311 3484 circa

256 3543 431 3616 rusticam
443 3545 573 3636 vitam,
597 3546 800 3642 Messalam,
816 3575 977 3622 amorem
996 3547 1107 3621 simul
1126 3555 1308 3637 versatur,

255 3673 421 3750 Nemesis
435 3681 621 3755 mentione
649 3693 758 3756 caret.
789 3685 842 3756 At
866 3707 1044 3780 posquam
1067 3679 1310 3753 Ambarvalia

255 3811 483 3909 agrestiaque
502 3817 659 3887 numina
680 3816 849 3890 Tibullus
865 3816 1088 3914 amplissime
1109 3813 1308 3888 celebravit

255 3950 308 4039 (v.
329 3943 440 4040 1-66),
458 3946 502 4018 ad
519 3974 601 4044 quae
618 3951 686 4022 sub
700 3951 772 4022 fine
791 3952 902 4023 etiam
920 3950 1089 4023 carminis
1108 3949 1157 4043 (v.
1176 3947 1306 4040 83-90)

253 4079 461 4167 revertitur,
478 4082 695 4156 transitione
712 4083 756 4155 ad
772 4082 991 4180 Cupidinem
1005 4084 1112 4165 facta1
1133 4082 1197 4179 qui
1215 4106 1234 4154 <1
1250 4081 1306 4152 di-

80 4518 271 4647 Λ
