2738 4942
572 473 618 486 ..
646 436 693 506 33
720 474 768 486 -

142 586 268 660 bant:
292 585 402 677 unde,
423 595 467 658 ut
486 585 567 681 jam
593 585 633 656 in
661 583 936 683 Prolegomenis
966 587 1106 664 dictum
1134 602 1202 682 est,

146 718 516 818 pseudo-vergiliana
538 716 733 811 Catalecta,
754 719 1095 816 pseudo-tibulliani
1119 724 1205 798 libri

148 853 260 928 nobis
273 879 481 953 pervenere.

202 987 305 1080 Quid
330 987 477 1063 multa?
498 986 656 1062 Inclitus
683 987 783 1086 apud
824 1000 961 1087 poetas,
986 1017 1007 1065 a
1030 1002 1146 1066 matre
1167 1003 1204 1067 et

152 1147 279 1198 sorore
293 1122 458 1216 dilectus,
471 1147 589 1221 neque
601 1123 757 1220 egestati
770 1123 964 1219 obnoxius,
978 1150 1045 1200 nec
1060 1126 1198 1224 sapien·

152 1259 215 1332 tiae
224 1283 370 1357 expers,
381 1255 552 1331 Tibullus
561 1281 696 1355 paucos
703 1283 857 1332 numero
871 1284 997 1353 annos,
1008 1260 1072 1334 sed
1081 1259 1201 1335 felices

152 1391 265 1466 vixit.
302 1391 398 1465 Eum
437 1390 586 1465 infirmo
612 1418 781 1492 aegroque
810 1419 958 1491 corpore
987 1394 1099 1468 fuisse
1130 1395 1142 1491 (
1172 1395 1198 1491 ),

153 1526 325 1625 quamvis
345 1551 413 1600 nos
427 1525 466 1599 in
477 1525 573 1600 hanc
591 1526 802 1624 opinionem
811 1526 990 1602 inclinent
1002 1529 1199 1603 immatura

152 1661 296 1753 funera,
306 1663 456 1737 morbus
468 1687 542 1761 quo
560 1687 598 1735 se
612 1659 780 1758 Corcyrae
794 1661 1015 1759 implicitum
1027 1662 1199 1753 declarat,

153 1821 299 1871 necnon
320 1796 487 1896 languidi
505 1795 626 1869 nescio
641 1795 730 1893 quid
756 1794 856 1893 poesi
874 1794 1094 1870 Tibullianac
1126 1796 1199 1868 suf·

151 1933 292 2022 fusum,
324 1958 455 2030 parum
485 1931 624 2029 liquet:
649 1956 732 2003 cum
759 1929 937 2003 Horatius
962 1931 1034 2029 ipsi
1059 1932 1198 2026 valetu-

149 2067 276 2140 dinem
301 2064 508 2164 gratuletur
521 2065 599 2162 (loc.
618 2064 703 2157 cit).
719 2061 824 2137 Mens
848 2063 990 2157 saltem,
1013 2067 1200 2139 amatoriis

150 2201 248 2276 curis
263 2200 399 2293 saucia,
416 2225 510 2298 saepe
522 2198 641 2272 doluit
655 2224 697 2272 ac
713 2197 859 2297 languit
874 2228 882 2273 :
898 2199 970 2273 nisi
985 2201 1199 2296 hujusmodi

148 2334 268 2424 dolor,
285 2334 455 2433 quotiens
477 2334 517 2405 in
533 2332 687 2430 pulchra
710 2333 871 2407 carmina
893 2336 1060 2428 vertitur,
1081 2349 1197 2433 poetae

148 2497 217 2568 pro
231 2469 371 2544 deliciis
390 2469 461 2544 fere
475 2467 600 2541 haberi
614 2467 717 2540 solet.
736 2468 805 2541 Sed
828 2468 949 2566 qualia
974 2469 1193 2543 tenerrimus

150 2603 340 2679 suavisissi
356 2603 541 2702 simusque
567 2611 674 2699 poeta
700 2603 861 2696 senserit,
879 2628 924 2676 ex
949 2603 1038 2700 ipsis
1053 2602 1193 2702 elegiisr,

148 2737 277 2814 sedulo
288 2738 499 2836 recognitis,
510 2738 589 2834 jam
603 2736 847 2838 perspiciendi¹
861 2736 963 2810 locus
977 2747 1044 2811 est.

184 2997 226 3068 (1)
239 2996 303 3068 Ipse
318 3013 347 3051 se
360 2995 461 3050 teneris
473 2993 672 3066 gracilibusque
694 2993 822 3046 membris
838 2992 922 3048 fuisse
941 2998 1056 3048 testatur
1076 2993 1193 3064 (videl.

148 3086 190 3156 11,
204 3087 232 3155 3,
247 3103 276 3146 v.
292 3087 309 3141 9
323 3091 377 3156 sq.)
