2766 4950
263 633 316 705 ita
341 630 543 728 principem
561 629 601 700 in
616 628 744 702 eodem
765 629 1044 726 interpretando
1073 629 1316 728 Ludolphum

263 763 397 838 Dissen
409 763 527 836 dicere
534 762 714 836 'debemus
731 791 739 836 ε
754 762 936 861 quidquid
948 762 1051 836 enim
1062 762 1124 835 hic
1136 763 1313 860 peccavit,

264 910 386 973 tamen
400 908 437 971 et
448 897 631 971 uberrimo
647 895 882 995 singulorum
905 896 1112 970 carminum
1129 923 1314 970 commen·

264 1031 358 1105 tario
376 1031 426 1126 (l)
452 1041 489 1104 et
510 1028 641 1128 amplis
660 1030 978 1128 disquisitionibus
1003 1032 1046 1104 dc
1073 1029 1212 1104 Tibulli
1232 1029 1316 1104 Vita

264 1163 421 1240 etPoasi
445 1162 497 1262 (in
520 1163 647 1238 limine
667 1163 755 1237 edit.
781 1162 906 1237 Tibul.
930 1164 1039 1260 1835)
1078 1165 1163 1263 plus
1190 1163 1311 1238 laudis

264 1298 459 1373 emeruisse
480 1298 572 1370 mihi
593 1298 750 1388 videtur,
772 1324 884 1397 quam
902 1299 935 1372 ei
954 1299 1176 1372 recentiores
1199 1298 1317 1372 critici

263 1431 452 1531 impertire
488 1431 619 1504 solent.
657 1429 749 1505 Mox
790 1432 941 1530 quidem
972 1432 1163 1529 praenituit
1195 1430 1241 1506 Ο.
1274 1430 1316 1504 F.

266 1563 416 1663 Gruppe
435 1565 476 1638 in
495 1565 569 1639 Die
590 1565 772 1640 remacle
785 1564 918 1665 Elegio,
935 1568 1040 1657 1838,
1057 1567 1121 1640 ubi
1141 1566 1275 1664 partim
1296 1591 1317 1638 a

266 1699 463 1797 Ludolpho
497 1697 635 1772 Dissen
668 1699 818 1786 adscita,
851 1699 986 1798 partim
1022 1725 1088 1773 sua
1125 1700 1314 1797 exposuit,

267 1843 437 1907 cunctam
453 1859 540 1907 vero
552 1833 755 1941 'materiam
773 1832 847 1906 acri
863 1833 1118 1932 intelligentia,
1139 1832 1318 1931 singulari

265 1966 471 2041 venustatis
501 1967 652 2066 poeticae
677 1993 798 2061 sensu,
828 1967 904 2041 stili
931 1967 1042 2041 etiam
1065 1967 1186 2065 lepore
1211 1992 1315 2040 reno·

265 2102 390 2176 vabat.
405 2101 519 2175 Hunc
529 2101 645 2176 secuti
662 2111 900 2175 correxerunt
911 2101 1099 2175 interdum
1114 2105 1174 2173 W.
1194 2099 1319 2174 Hertz·

263 2235 353 2334 berg
375 2233 441 2332 (O.
468 2234 517 2308 F.
543 2233 690 2334 Grappe
716 2235 809 2310 «die
827 2234 1010 2310 romische-
1029 2235 1149 2334 Elegia
1173 2268 1200 2328 a,
1226 2234 1318 2308 Hal-

260 2367 374 2443 lische
397 2366 546 2460 Jahrb,
569 2368 673 2464 1839)
708 2378 744 2442 et
770 2370 829 2444 W.
847 2369 885 2444 S.
908 2368 1049 2443 Teuffel
1077 2367 1317 2467 (Prooemium

260 2502 514 2577 translationis
546 2501 686 2575 Tibulli
712 2504 941 2601 germanicae,
977 2500 1116 2600 18532).
1143 2501 1313 2600 Denique

274 2636 437 2710 notanda
460 2647 548 2709 sunt
578 2635 723 2710 AEmilii
746 2635 920 2711 Baehrens
939 2636 1146 2711 Tibulliscbe
1162 2635 1316 2728 Bloetter,

267 2774 359 2844 1878
379 2800 388 2844 ι
407 2769 478 2843 viri
493 2795 579 2843 sane
598 2769 813 2863 audacioris,
829 2772 868 2845 in
884 2771 1088 2844 novitatem
1105 2781 1148 2853 et
1160 2767 1319 2867 παράδοξα

265 2904 382 3003 proni,
400 2903 554 3002 ideoque
577 2929 722 2978 summa
747 2931 831 2978 cum
852 2904 1055 2978 diffidentia
1071 2904 1229 3003 legendi,
1248 2903 1319 2976 hoc

265 3047 389 3112 tamen
414 3037 513 3109 haud
539 3037 687 3111 inutilis
723 3038 822 3136 quod
859 3037 967 3112 falsas
1004 3037 1192 3135 opiniones
1224 3063 1317 3110 non-

264 3170 385 3244 nullas
411 3169 643 3264 subverterit,
666 3197 748 3269 quae
769 3197 790 3244 a
808 3170 993 3245 Friderico
1019 3169 1171 3269 Gruppe
1201 3197 1317 3269 usque

263 3303 361 3379 inter
374 3304 500 3378 doctos
522 3305 769 3380 invaluerant.

314 3437 474 3529 Quodsi,
491 3464 602 3537 super
619 3439 825 3539 insigniora
849 3439 999 3513 illorum
1022 3440 1170 3537 scripta,
1189 3465 1317 3512 omnes

266 3572 607 3646 dissertatiunculas
638 3573 821 3648 evolveris
850 3600 941 3673 quas
969 3573 1182 3646 summatim
1222 3572 1316 3644 indi-

240 3905 242 3909 ·
303 3867 340 3941 (1)
356 3869 420 3923 Jam
439 3867 537 3922 Dissen
554 3868 706 3926 Comment.
722 3869 751 3922 in
766 3868 906 3923 Tibullum
937 3868 1061 3932 dederat.
1078 3868 1107 3922 in
1131 3867 1319 3940 supplemento

267 3956 333 4012 edit.
348 3963 451 4027 quartae
466 3956 570 4027 Heynii
581 3963 608 4011 et
622 3956 832 4024 Wunderlichii,
851 3959 930 4016 1817.

305 4047 342 4114 (2)
364 4045 469 4100 Deinde
495 4046 524 4100 in
556 4045 681 4115 ejusdem
707 4046 823 4101 Studien
859 4046 917 4101 aad
943 4048 1204 4114 Choroctcristilen‚
1233 4047 1301 4100 1811

268 4133 413 4190 insertum.
