2766 4950
591 523 639 539 ..
666 486 712 555 64
738 523 785 536 ..

162 624 314 724 deterta,
341 657 418 707 non
444 626 539 708 male
573 627 679 708 csibi
707 641 851 708 constat
880 626 1094 723 »Tibulli
1125 622 1215 702 vero

164 765 347 868 Priapus,
355 778 479 842 tenera
493 767 677 867 flebilique
691 793 779 842 voce
797 777 917 860 utens,
937 765 1031 840 nihil
1044 761 1195 838 aliud
1159 788 1214 836 vr

163 891 226 977 det
210 911 272 976 ur
281 926 392 1000 quam
404 902 482 1000 ipse
494 913 711 1001 personatus
727 912 848 1001 poeta.

214 1035 367 1134 Longus
383 1046 508 1112 autem
526 1037 588 1112 ille
615 1062 733 1111 sermo
760 1063 835 1136 quo
856 1034 1037 1126 Tibullus,
1063 1017 1214 1106 nomine

161 1168 302 1267 Priapi,
318 1195 383 1245 sua
401 1170 515 1245 dubio
527 1172 655 1269 procul
669 1171 714 1246 de
731 1195 930 1271 puerorum
942 1167 1127 1242 amoribus
1142 1191 1216 1240 ex-

164 1304 365 1403 perimenta
379 1305 529 1403 profert,
548 1305 594 1379 ad
618 1288 696 1380 hoc¹
710 1305 782 1380 fere
800 1304 916 1403 redigi
931 1312 1065 1401 potest.
1086 1301 1217 1376 Primo

161 1420 336 1513 monetur
357 1450 507 1534 amator,
524 1440 555 1513 si
568 1441 712 1514 veneris
733 1440 896 1514 fructum
909 1438 1000 1513 velit
1014 1425 1212 1536 capessere,

161 1572 205 1648 ut
218 1599 255 1647 se
269 1573 468 1671 patientem
483 1576 790 1674 pertinacemque,
808 1601 845 1650 se
863 1575 904 1648 in
921 1575 1109 1648 occasione
1124 1570 1215 1646 11114

160 1695 296 1807 pienda
309 1680 520 1808 properum,
547 1735 583 1783 se
596 1737 712 1809 puero
732 1710 905 1784 omnibus
926 1709 1046 1784 modis
1063 1716 1216 1807 praestet

39 1887 41 1890 ·
158 1842 425 1941 obsequentem
444 1843 599 1936 3deinde
619 1835 856 1919 obsecrantur
870 1844 973 1944 pueri
993 1870 1039 1918 ne
1054 1826 1214 1916 divitum

164 1977 479 2052 nummosmalr'nt
486 2003 597 2076 quam
610 1979 805 2054 doctorum
820 1979 981 2053 carmina
996 2008 1005 2053 2
1020 1977 1077 2051 sin
1092 1988 1216 2051 autem

162 2110 258 2184 lucri
271 2113 390 2211 gratia
404 2139 528 2187 musas
543 2113 792 2213 despexerint,
807 2114 857 2188 111
867 2113 995 2213 gravia
1005 2111 1217 2210 impendere

160 2226 372 2321 maledicta.
398 2246 564 2323 Eatenus
594 2249 803 2323 communia
833 2258 1013 2348 praecepta
1043 2246 1215 2321 Tibullus

160 2364 279 2473 dedit,
296 2381 417 2480 qualia
432 2382 601 2458 videlicet
615 2383 770 2460 Ovidius
784 2383 874 2456 olim
891 2385 929 2456 in
943 2382 1045 2456 libris
1062 2381 1107 2456 de
1122 2381 1216 2455 Arte

112 2520 114 2524 ’
165 2514 311 2590 amandi
326 2544 336 2590 ε
350 2517 488 2592 accedit
499 2519 578 2615 jam
594 2519 715 2593 brevis
732 2521 784 2614 (v,
807 2516 932 2616 73-84)
957 2517 1136 2616 epilogus,
1154 2541 1214 2589 cu-

160 2649 224 2746 jus
232 2651 536 2749 quattuorultimi
545 2678 672 2726 versus
682 2652 1024 2750 peculiarempoetae
1033 2675 1214 2738 anconem,

92 2890 95 2894 ι
165 2809 297 2881 nempe
312 2782 523 2859 Marathum
536 2787 641 2861 nobis
658 2786 849 2861 indicant:
940 2823 947 2836 ·

160 3096 163 3102 ι
267 3060 347 3134 Heu,
360 3061 418 3123 hen
422 3081 531 3143 ‚quam
544 3063 628 3125 Mara
630 3063 700 3125 hus
711 3063 792 3125 lento
804 3082 850 3125 me
861 3068 983 3144 torque
970 3064 1111 3123 tamorel

386 3161 538 3222 Deficiunt
525 3167 615 3224 1111
616 3181 657 3234 11,
684 3143 828 3224 deliciunt
815 3168 885 3243 tque
909 3160 981 3222 doli.

266 3259 367 3336 Parae,
383 3279 464 3341 puer,
479 3279 620 3341 quaeso..

168 3594 217 3643 ex
239 3569 372 3668 quibus
385 3582 441 3646 sat
455 3583 605 3671 apparet
618 3572 807 3672 hucusque
822 3571 932 3647 illum
946 3571 1128 3716 aucupari,
1142 3595 1219 3643 non
1256 3652 1259 3657 ¹

169 3713 321 3778 nactum
333 3708 410 3779 esse
423 3705 570 3781 delicati
589 3706 694 3806 pueri
707 3706 876 3806 gratiam.

222 3834 271 3910 In
293 3836 340 3911 11.
361 3838 587 3931 8Tibullus,
616 3839 708 3928 voti,
734 3850 777 3914 ut
802 3838 957 3933 videtur,
986 3862 1144 3934 compos,
1175 3836 1220 3909 de

137 3970 328 4080 {propriis
365 3985 488 4047 tamen
511 3954 714 4047 amoribus
752 3983 862 4064 tacet,
904 3971 1020 4069 ipsius
1058 3968 1219 4043 Marathi

171 4128 275 4178 curas
288 4105 493 4201 adumbrat,
507 4109 570 4207 qui
591 4109 670 4205 jam
697 4106 858 4204 puellam
877 4131 997 4185 amare
1022 4103 1131 4203 coepit
1151 4127 1216 4176 nec
