2766 4950
513 476 708 543 ...77-

90 619 241 718 diorque
253 650 263 713 ;
274 621 350 694 illic
365 621 523 721 flagrans
539 626 697 698 amantis
716 624 907 713 confessio,
920 625 980 698 hic
993 622 1039 698 de
1053 649 1136 720 pec·

90 765 172 828 cato
185 754 309 830 amicae
324 756 563 855 querimonia.
578 755 720 856 Nempe
739 756 904 858 Glycerae
922 756 1133 842 infidelitas,

89 911 200 986 quam
214 900 269 964 est
290 890 368 987 jam
382 915 429 965 ex
453 890 497 966 11.
526 895 570 965 13
590 891 642 988 (v.
667 896 769 991 5sq.)
801 893 1010 990 praevidere,
1037 919 1138 969 nunc

90 1034 211 1120 aperte
237 1023 467 1101 declaratur:

191 1274 306 1336 Rumor
319 1274 363 1336 ait
377 1274 479 1336 crebro
494 1282 626 1338 nostram
638 1295 760 1356 peecare
775 1277 916 1357 puellam,

249 1389 280 1451 N
283 1409 342 1452 unc
356 1409 411 1469 ego
425 1409 473 1453 me
487 1391 585 1454 surdis
594 1392 716 1454 auribus
726 1411 788 1454 1111
803 1391 903 1453 velim.

188 1505 324 1569 Crimina
335 1527 397 1570 non
410 1507 476 1570 haec
490 1513 561 1570 sunt
576 1514 677 1570 nostro
692 1508 755 1570 sine
768 1508 849 1570 facta
860 1508 971 1570 doloro.

243 1623 324 1700 Quid
338 1624 480 1686 miserum
494 1625 636 1704 torques?
651 1644 751 1687 rumor
763 1624 876 1696 acerbe,
894 1631 969 1687 1111.
993 1624 1036 1705 (1)

87 1869 157 1947 Est
182 1873 282 1973 quod
295 1875 473 1951 miremur
481 1887 649 1952 maestam
660 1876 764 1950 illam
778 1875 919 1951 Tibulli
942 1875 1151 1973 indulgen·-

86 2005 177 2082 tiam
191 2037 201 2083 :
214 2009 279 2108 qui
303 2036 378 2084 non
400 2012 518 2111 poscit
538 2038 585 2086 ne
606 2011 722 2086 amica
742 2021 880 2110 peccet,
908 2021 1085 2109 tanquam
1106 2010 1137 2084 si

80 2139 303 2238 jamdudum
317 2146 526 2242 pernoverit
539 2146 682 2221 feminae
698 2145 905 2219 naturalem
919 2145 1136 2243 genuinam·

85 2298 156 2372 que
170 2300 249 2353 esse
264 2279 466 2376 perfidiam,
479 2290 584 2378 optat
606 2279 865 2354 tantummodo
880 2280 959 2376 ejus
973 2289 1132 2377 peccata,

85 2407 217 2487 silente
231 2411 340 2504 fama,
353 2415 504 2490 nescire.
520 2413 615 2508 Hoc,
631 2415 749 2509 credo,
765 2439 839 2488 non
854 2413 1010 2487 dixisset
1023 2412 1138 2486 Deliae

85 2570 214 2621 amans
224 2577 234 2642 3
253 2548 322 2623 hoc
342 2549 453 2624 sentit
465 2549 522 2622 vir
532 2559 639 2624 aetate
650 2549 870 2648 provectior,
886 2547 1005 2622 multa
1017 2573 1142 2645 exper-

83 2690 169 2770 tus,
193 2682 271 2778 jam
309 2683 504 2780 perdoctus
540 2709 709 2782 quaenam
736 2682 803 2759 sub
835 2683 976 2757 cunctis
1001 2682 1134 2756 amoris

83 2815 287 2891 mendaciis
309 2819 553 2916 praestigiisve
580 2819 743 2893 latitent.
774 2888 778 2896 .

136 2947 229 3024 Post
248 2951 381 3049 elegias
400 2957 443 3026 13
460 2963 497 3027 et
517 2957 562 3026 14
582 2953 781 3028 verisimile
793 2961 862 3042 est,
879 2952 925 3025 ad
945 2950 1138 3048 complen-

84 3084 170 3160 dam
199 3086 245 3161 de
274 3086 431 3186 Glycera
462 3089 605 3178 seriem,
631 3088 738 3186 plura
766 3087 928 3161 carmina
954 3086 1137 3160 destinata

83 3218 212 3294 fuisse:
230 3220 275 3295 de
289 3222 423 3320 quibus
433 3222 529 3295 nihil
544 3222 720 3320 conjicere
734 3221 840 3296 nobis
853 3220 948 3314 licet,
961 3219 1038 3293 sive
1048 3218 1138 3293 olim

85 3355 308 3454 casualiquo
333 3356 530 3455 perierunt,
554 3357 629 3430 sive
656 3355 828 3429 Tibullus
842 3355 921 3452 ipse
946 3379 987 3428 ea
1002 3353 1137 3450 perdu-

84 3512 163 3563 cere
175 3487 220 3563 ad
237 3489 351 3564 finem
363 3491 502 3564 omisit.
521 3491 574 3564 At
588 3490 662 3563 duo
674 3490 752 3564 haec
773 3486 929 3588 elegidia
941 3487 1029 3561 satis
1048 3495 1136 3560 sunt

83 3632 125 3696 ut
155 3623 195 3696 in
227 3648 349 3699 amore
389 3623 552 3724 Glycerae
585 3624 840 3698 Tibullianum
866 3621 1059 3720 ingenium
1087 3620 1134 3716 ad

84 3781 272 3832 summum
298 3759 510 3857 pervenisse
536 3769 728 3852 testentur,
756 3757 914 3856 gloriam
931 3765 1046 3853 poetae
1067 3780 1127 3851 pa·

83 3893 193 3983 riant,
212 3919 422 3993 quanquam
435 3894 660 3997 brevissima,
678 3892 892 3967 maximam.

119 4143 159 4214 (l)
173 4144 217 4198 Cf.
234 4142 379 4212 quamdam
396 4143 486 4199 Ovidii
501 4143 682 4196 imitationem
698 4143 726 4196 in
741 4143 833 4196 Amor.
852 4139 908 4206 111,
928 4139 969 4203 14,
984 4152 1010 4194 v.
1029 4140 1040 4188 l
1056 4155 1096 4204 sq.
