2766 4950
542 577 593 594 ..
622 539 666 610 17
693 576 742 591 ..

114 693 226 761 causa
243 689 375 763 fictum
389 676 455 787 Ι(1).
487 687 595 781 Quod
613 696 788 786 superest,
811 685 992 778 Gustavio
1007 685 1163 760 Larrou·

114 831 192 896 met
212 822 403 917 assentior,
421 822 514 897 dum
543 821 689 920 singula
716 821 852 896 minuit
877 820 922 895 ab
950 819 1164 895 adversariis

113 955 268 1050 objecta,
284 968 468 1057 negatque
489 957 605 1031 ullam
627 957 807 1032 rationem
829 982 906 1031 esse
926 981 1077 1055 gravem
1101 979 1167 1029 cur

113 1086 308 1164 Tibullum
338 1117 588 1168 asseveremus
613 1091 769 1166 scribere
791 1089 1063 1190 Panegyricum
1084 1115 1165 1164 om-

112 1206 211 1296 nino*
225 1249 302 1298 non
326 1225 490 1323 potuisse
510 1255 519 1300 ι
542 1252 630 1300 nam
647 1236 739 1326 quot
762 1236 1057 1324 quantorumque
1079 1248 1163 1322 poe·

113 1366 238 1430 tarum
264 1357 372 1432 initia
403 1383 480 1433 non
508 1358 660 1433 meliora
683 1357 882 1433 novimusl
916 1355 987 1432 Sed
1017 1381 1092 1430 non
1121 1381 1165 1430 eo

115 1489 348 1565 confidentiae
376 1492 536 1585 veniam,
564 1503 608 1567 ut
636 1492 676 1566 in
701 1491 849 1591 ingrato
872 1490 939 1565 illo
968 1489 1163 1588 poematio,

112 1624 199 1700 licet
223 1625 415 1700 nonnullis
441 1626 617 1701 orationis
648 1624 851 1700 luminibus
881 1634 1026 1717 ornate,
1061 1625 1164 1723 inge

112 1784 228 1833 nuam
255 1785 453 1858 agnoscam
482 1761 602 1835 nostri
628 1771 745 1859 poeta
774 1758 950 1833 indolem.
965 1756 1042 1834 Nec
1064 1756 1165 1831 aliud

112 1892 265 1968 demum
285 1893 404 1968 dicere
420 1894 547 1986 velim,
562 1895 636 1968 nisi
653 1894 807 1969 :Potest
831 1893 1082 1992 Panegyricus
1101 1917 1162 1967 cu·

109 2026 265 2125 juslibet
290 2052 381 2120 esse,
410 2027 470 2102 vel
492 2027 654 2127 imperiti
682 2028 846 2120 Tibulli3
871 2051 1082 2127 quanquam
1108 2035 1165 2099 est
1220 2088 1227 2100 e

110 2162 215 2261 'quod
233 2161 421 2256 miremur,
438 2163 608 2237 eumdem
620 2163 685 2262 qui
700 2169 761 2237 an'.
776 2165 846 2237 723
862 2161 1066 2236 illiusmodi
1083 2186 1161 2236 ver·

113 2322 177 2371 sus
201 2296 376 2371 conflaret
389 2298 470 2394 jam
492 2322 549 2371 an.
576 2298 717 2372 circiter
745 2300 814 2371 725
837 2297 896 2394 (ut
920 2295 1014 2370 infra
1038 2306 1162 2372 osten·

113 2429 234 2527 detur)
251 2431 445 2530 praeclaros
468 2430 551 2505 illos
564 2430 609 2506 de
635 2429 741 2505 Delia
769 2430 891 2529 elegos
919 2429 1159 2514 inchoavisse.

165 2564 379 2664 Sequuntur
406 2565 580 2640 undecim
606 2565 731 2665 elegiae
761 2565 805 2642 de
834 2564 956 2663 puella
987 2563 1160 2663 Sulpicia,

112 2697 283 2774 Messalae
297 2700 431 2774 sororis
457 2701 544 2797 filia,
561 2699 780 2776 Corinthum
793 2699 923 2774 furtim
942 2698 1161 2792 adamante3

112 2833 263 2931 quasin
288 2833 381 2909 duas
405 2846 537 2932 partes,
562 2835 705 2934 origine
718 2834 826 2932 plane
852 2833 1052 2925 absimiles,
1069 2832 1160 2906 divi·

109 2968 252 3043 dendas
274 2966 334 3066 (el.
349 2970 377 3041 ·2
400 3009 450 3023 -
471 2973 502 3062 6,
528 2968 575 3043 el.
599 2973 618 3043 7
643 3011 689 3025 -·
715 2969 775 3066 12)
796 2969 876 3065 jam
906 2967 1161 3049 Brouokusius

109 3091 380 3200 suspicabatur,
414 3101 632 3177 Lachmann
665 3113 701 3176 et
724 3101 887 3200 Gruppe,
917 3102 1063 3177 nemine
1089 3102 1162 3177 fere

107 3255 215 3310 nunc
254 3235 527 3311 contradicente
559 3237 626 3333 (2),
652 3247 963 3311 monstraverunt.
997 3235 1163 3311 Secunda

111 3371 341 3469 seriesque
369 3381 514 3445 constat
538 3396 603 3445 sex
622 3371 847 3446 brevissimis
875 3369 1045 3468 Sulpiciae
1070 3372 1162 3469 epis·

147 3653 184 3728 (1)
197 3653 262 3710 Vid.
282 3653 354 3726 apud
365 3655 400 3714 G.
411 3656 580 3723 Larroumet,
595 3655 645 3711 loc.
657 3657 715 3723 rit,
729 3671 776 3726 pp.
791 3655 826 3710 33
835 3673 875 3726 sq.
886 3656 1000 3711 -Item
1014 3655 1164 3726 rejicienda

111 3742 201 3798 Caroli
222 3743 394 3799 Lachmann
406 3744 560 3816 opinio,qui
572 3743 770 3815 Panegyricum
785 3760 850 3815 opus
863 3761 920 3800 esse
940 3744 1075 3817 Lygdami
1088 3744 1165 3816 pueri

109 3836 214 3888 censet.

107 3950 108 3956 κ
160 3922 197 3992 (2)
214 3921 343 3975 Attamen
362 3921 391 3976 0.
402 3922 520 3993 Knappe
534 3921 583 3994 (De
604 3922 705 3976 Tibulli
724 3921 769 3976 lib.
781 3923 825 3978 IV
835 3922 927 3991 elegiis
944 3923 1009 3977 inde
1025 3923 1058 3977 ob
1076 3922 1164 3977 altera

108 4020 200 4080 'usque
211 4011 249 4065 od
263 4011 451 4066 duodecimam
463 4011 585 4082 disput„
596 4009 773 4079 Duderstadt,
784 4011 863 4082 1880)
877 4016 904 4066 et
914 4010 1051 4066 breviores
1062 4010 1163 4080 elegias

107 4097 146 4150 ab
162 4098 221 4169 ipso
236 4098 346 4153 Tibullo
361 4105 456 4154 censet
475 4100 625 4171 profectus,
642 4098 689 4168 qui
705 4099 792 4170 primo
810 4099 839 4153 in
856 4098 957 4155 scheda
968 4099 1086 4154 breviter
1100 4099 1162 4154 des-

112 4187 237 4259 cripserit
251 4205 284 4242 ea
296 4205 357 4258 quae
375 4189 403 4243 in
425 4189 473 4245 illo
485 4205 577 4244 amore
590 4187 684 4257 magni
697 4195 773 4244 erant
783 4188 921 4246 momenti.
