2766 4950
596 485 650 503 ...
674 446 721 520 63
745 485 796 504 .-

161 593 313 684 fvetant,
329 614 377 668 ne
399 593 580 692 posterior
593 593 639 671 el.
655 601 678 671 8
695 597 874 673 ducatur:
891 619 1023 694 nempe
1045 580 1220 670 Tibullus

172 722 421 824 pueronuid
437 722 579 825 faciam,
593 729 728 831 inquit,
965 744 967 748 '

193 1022 195 1026 V
272 928 353 1007 Quid
365 928 488 1007 faciam,
503 930 563 996 nisi
575 938 608 998 et
620 934 684 1017 ipse
701 934 826 998 ferasin
840 931 1081 1016 amorepuellae?

217 1130 222 1143 ᾖ
335 1045 394 1111 Sed
404 1064 509 1130 prooor
521 1050 656 1133 exemplo
668 1050 789 1114 itioris
803 1050 856 1115 illa
869 1057 935 1114 tuo.

171 1189 174 1192 ·
274 1161 304 1226 Ο
317 1162 467 1245 quotiens,
479 1164 579 1228 verbis
587 1165 630 1247 (1)
644 1166 856 1249 nequisquam
869 1165 1114 1237 consciusess‘et

212 1265 216 1273 ’
332 1278 403 1361 Ipse
414 1298 513 1345 comes
522 1280 617 1345 multa
626 1282 741 1346 lumina
755 1289 844 1348 noete
858 1283 933 1345 tulit

276 1393 360 1478 Saepe
370 1396 536 1480 insperanti
543 1399 627 1463 venit
641 1401 698 1463 tibi
712 1419 835 1464 munere
846 1406 948 1463 nostro

337 1512 380 1576 Et
394 1514 484 1578 latuit
494 1515 608 1580 clausas
623 1523 692 1599 post
704 1517 846 1599 adoperta
859 1517 947 1580 fores

174 1717 291 1796 Porro
310 1721 393 1821 quis
414 1722 609 1802 addubitet
622 1724 681 1799 his
696 1724 862 1799 versibus
876 1723 1036 1798 breviter
1059 1718 1227 1796 contrahi

175 1836 307 1954 prioris
333 1855 377 1931 el.
408 1860 431 1932 8
458 1858 678 1934 materiam?
704 1858 865 1959 puellam
901 1860 1011 1950 hanc,
1042 1857 1082 1930 in
1121 1855 1228 1953 cujus

177 1996 300 2065 amore
315 1988 506 2068 Marathus
523 2017 601 2068 esse
615 1993 772 2088 dicatur,
794 1993 958 2071 eamdem
978 2018 1055 2067 esse
1069 2016 1110 2066 ac
1128 1989 1226 2064 Pho·

176 2124 260 2198 loen
269 2124 372 2200 illam
383 2151 492 2226 quam
505 2154 624 2226 nuper
634 2127 802 2202 Tibullus
814 2152 998 2226 -neque,
1013 2135 1056 2200 ut
1066 2124 1226 2216 videtur,

172 2260 314 2336 'frustra
327 2301 375 2317 -
394 2261 607 2361 deprecatus
626 2263 703 2337 sit?
732 2261 915 2360 Equidem
932 2261 1020 2335 hinc
1049 2257 1226 2333 Baehrens

175 2394 318 2472 nodum
341 2396 480 2490 adimit,
495 2396 648 2471 mirifica
660 2396 724 2472 illa
735 2397 875 2471 ratione
887 2423 968 2496 quae
984 2396 1090 2470 solita
1101 2394 1135 2469 ei
1148 2404 1228 2468 est:

176 2530 248 2608 tria
263 2557 393 2630 nempe
410 2531 566 2607 disticha
579 2543 735 2627 amovet,
748 2543 942 2631 amotaque
955 2543 992 2607 et
1018 2531 1064 2605 ad
1078 2529 1228 2604 libitum

177 2667 334 2741 distorta
358 2667 477 2742 medio
496 2666 541 2742 el.
562 2671 583 2741 8
603 2667 727 2742 textui
746 2667 893 2742 inseritl
921 2667 976 2742 Aa
1003 2657 1229 2765 quicumque

178 2827 309 2902 parum
335 2800 487 2876 laudant
514 2801 715 2877 illiusmodi
742 2801 910 2897 ludibria,
937 2802 965 2874 ii
990 2799 1121 2875 saltem
1151 2825 1229 2873 non

178 2932 336 3037 possunt
350 2936 440 3036 quin
458 2936 501 3010 el.
518 2941 538 3010 9
555 2937 659 3013 seriei
674 2948 841 3013 statuant
854 2937 1095 3012 novissimam
1112 2932 1178 3034 (2).

180 3192 183 3197 .
213 3142 256 3214 (1)
280 3141 333 3209 Vel
344 3142 434 3213 potius
458 3142 534 3197 cobis
550 3157 631 3212 :quas
646 3141 838 3202 nonnullorum
852 3143 993 3198 doctorum
1007 3141 1167 3212 conjectura
1177 3157 1225 3194 ve·

179 3231 320 3287 hementer
331 3230 471 3302 probanda
485 3229 552 3284 mihi
564 3229 681 3286 videtur.
928 3219 931 3223 ⁴
1151 3298 1158 3308 'k

216 3323 255 3393 (2)
271 3320 350 3376 Adde
359 3321 443 3376 etiam
456 3320 573 3391 elegiam
584 3321 600 3375 8
615 3338 675 3375 oum
687 3321 856 3380 elimatius
871 3321 1015 3389 cohaerere,
1026 3320 1135 3391 qnando
1146 3317 1230 3390 hujus

178 3409 323 3466 disticho:

351 3509 408 3569 lieu,
421 3511 481 3557 heu!
500 3522 569 3572 quam
587 3507 707 3557 Marathus
723 3508 785 3558 lento
799 3523 835 3558 me
849 3515 942 3572 torquet
960 3507 1058 3557 amore!

429 3590 544 3638 Deficiunt
556 3598 619 3638 artes
632 3591 785 3654 deficiuntque
800 3592 884 3641 doli...
976 3641 980 3648 ,

177 3708 340 3780 respondere
354 3707 480 3762 videntur
492 3706 566 3761 illius
581 3723 693 3760 versus:

279 3894 281 3898 Α
350 3824 392 3872 liic
408 3824 528 3873 Marathus
540 3824 657 3885 quondam
672 3824 769 3872 miseros
783 3824 878 3873 ludebat
893 3833 1007 3874 amantes.

352 3983 419 4046 Saepe
428 3984 499 4033 ctiam
511 3983 621 4031 lacrimas
634 3983 707 4031 fertur
719 3984 799 4032 risisse
812 3984 944 4032 dolentis...

183 4100 230 4156 ubi
243 4101 319 4173 pueri
333 4100 432 4168 fastus,
446 4115 500 4166 non
513 4096 627 4169 perfidia
640 4094 786 4156 indicatur,
