2766 4950
702 507 751 518 -
777 466 824 538 86
850 504 900 519 .-

280 613 324 688 de
340 613 451 690 Urbis
472 615 590 715 gloria
612 615 747 691 AEneas
772 615 865 689 olim
887 612 1032 687 audisse
1056 612 1210 696 dicatur,
1225 632 1327 681 nunc

279 748 454 824 immania
466 750 635 850 quaedam
657 749 825 848 prodigia
843 749 882 821 in
906 745 1101 822 hodiernos
1120 744 1197 818 dies
1218 767 1239 816 a
1259 741 1327 840 Sy·

278 882 378 957 billis
396 885 656 982 praenuntiata.
676 882 921 982 Subsequitur
936 880 1169 981 lepidissima,
1182 901 1327 953 necnon

278 1017 400 1116 longa,
414 1019 586 1094 feriarum
603 1017 804 1118 agrestium
824 1015 1034 1114 descriptio.
1053 1011 1220 1088 Nemesis
1235 1020 1329 1085 tunc

279 1151 440 1248 primum
454 1153 623 1245 occurrit,
638 1152 701 1227 cui
720 1151 832 1227 etiam
843 1176 921 1224 non
943 1148 1101 1248 amplius
1127 1170 1238 1246 quam
1256 1144 1329 1220 tria

279 1285 435 1360 disticha
455 1285 505 1385 (v.
528 1287 701 1386 109-114)
731 1286 969 1375 tribuuntur3
993 1307 1151 1382 quorum
1176 1279 1329 1379 quidem

279 1444 376 1493 unus
394 1443 522 1494 versus
539 1421 585 1495 ob
599 1419 876 1520 exquisitionem
905 1442 1053 1493 sensum
1070 1414 1233 1513 apprime
1261 1437 1330 1486 no-

279 1552 414 1627 tandus
432 1551 568 1651 :dacco
582 1554 737 1647 saucius,
754 1553 887 1652 inquit,

480 1819 537 1881 Sed
552 1821 638 1882 faveo
654 1819 766 1894 morbo,
784 1828 844 1880 tam
860 1819 1019 1898 juvatipse
1032 1817 1126 1878 dolor.

283 2098 335 2171 At
358 2099 484 2172 statim
515 2099 642 2173 relicto
666 2125 801 2187 amore,
833 2123 959 2171 rursus
989 2098 1029 2169 in
1060 2094 1262 2177 Messalini,
1291 2096 1328 2166 in

283 2229 446 2307 Messalae
469 2234 584 2332 patris
608 2232 716 2307 laude
739 2233 906 2347 consistit
924 2256 1082 2305 carmen.
1102 2228 1277 2321 -Quod
1299 2229 1330 2303 si

280 2377 402 2440 totum
424 2377 578 2464 spectas,
593 2393 667 2441 non
685 2377 788 2465 potes
803 2368 892 2466 quin
914 2364 1185 2440 animadvertas
1199 2388 1329 2462 quam·

276 2498 361 2574 dam
376 2500 487 2598 hujus
501 2501 723 2600 elegiacum
741 2502 785 2576 el.
804 2500 858 2593 II,
886 2505 904 2574 1
932 2499 1205 2600 cognationem,
1224 2497 1331 2597 quasi

276 2636 444 2710 consulto
470 2636 640 2710 Tibullus
670 2637 851 2711 curaverit
881 2646 924 2710 ut
949 2635 1067 2734 prima
1086 2659 1331 2733 supremaque

276 2771 378 2845 seriei
391 2770 505 2870 elegia
523 2772 591 2845 sibi
608 2773 765 2846 invicem
790 2771 1052 2869 responderent
1063 2801 1073 2863 3
1105 2781 1146 2843 ut
1163 2768 1263 2843 enim
1286 2768 1326 2841 in

265 2904 338 2977 'illa
377 2905 634 2997 Ambarvalia,
661 2905 712 2978 sic
746 2904 876 2978 Palilia
904 2905 943 2977 in
975 2905 1043 2978 hac
1072 2902 1324 2996 celebrantur;

278 3038 393 3112 ambae
436 3038 600 3112 Messalae
644 3039 875 3112 invocatione
912 3048 1078 3131 ornatae;
1128 3037 1325 3134 utrobique

278 3173 388 3246 etiam
404 3173 622 3269 paucissima
635 3172 680 3245 de
695 3198 827 3265 amore,
842 3198 954 3270 eaque
972 3171 1102 3245 iisdem
1118 3172 1229 3245 ferme
1246 3197 1322 3244 ver·

277 3306 332 3379 bis
349 3305 408 3400 (cf.
418 3305 461 3380 el.
473 3303 528 3396 II,
547 3312 577 3399 1,
594 3317 629 3378 v.
648 3309 706 3396 70,
723 3311 781 3399 79,
800 3310 845 3380 81
862 3333 934 3404 sq,
948 3316 985 3378 et
1000 3304 1044 3378 el.
1065 3303 1115 3397 II,
1128 3307 1163 3393 5,
1180 3329 1216 3377 v.
1239 3306 1325 3377 105-

278 3440 360 3536 108)
379 3465 576 3537 expressa,
596 3440 791 3539 utrobique
811 3441 877 3513 vix
900 3439 1066 3514 Nemesis
1088 3449 1249 3536 apparet.

323 3571 495 3648 Ceterum
522 3572 600 3647 haec
618 3574 663 3648 el.
687 3578 718 3667 5,
743 3598 953 3674 quanquam
976 3574 1093 3647 forma
1107 3584 1184 3646 tam
1200 3572 1325 3646 incon·

273 3707 349 3782 dita
362 3706 541 3781 lectorum
555 3707 655 3782 ladit
677 3709 812 3803 oculos,
830 3708 1072 3783 nihilominus
1093 3709 1241 3806 egregio
1259 3733 1328 3782 no·

278 3841 335 3915 bis
351 3840 487 3914 indicio
501 3853 557 3915 est
571 3864 731 3938 quonam
742 3843 926 3933 evasisset,
942 3842 973 3916 si
983 3867 1081 3915 mors
1096 3842 1325 3939 pepercisset,

277 3975 527 4049 Tibullianum
545 3975 749 4074 ingenium.
768 3976 793 4051 J
796 4003 855 4051 am
869 3977 991 4052 animo
1005 3975 1172 4073 frigidior
1182 3977 1245 4050 sed
1263 3977 1325 4049 fir·

277 4106 383 4197 mior‚
402 4110 475 4203 jam
494 4135 646 4181 summae
663 4110 752 4182 artis
776 4136 937 4208 compos,
957 4118 1063 4206 poeta
1076 4134 1237 4182 amorem
1251 4109 1325 4182 for-
