<?xml version="1.0" encoding="UTF-8"?>
<!DOCTYPE html PUBLIC "-//W3C//DTD XHTML 1.0 Transitional//EN"
    "http://www.w3.org/TR/xhtml1/DTD/xhtml1-transitional.dtd">
<html xmlns="http://www.w3.org/1999/xhtml" xml:lang="en" lang="en">
 <head>
  <title>
</title>
<meta http-equiv="Content-Type" content="text/html;charset=utf-8" />
  <meta name='ocr-system' content='tesseract 3.04.00' />
  <meta name='ocr-capabilities' content='ocr_page ocr_carea ocr_par ocr_line ocrx_word'/>
</head>
<body>
  <div class='ocr_page' id='page_1' title='image "./detibulliamorib01doncgoog_0118.png"; bbox 0 0 2766 4950; ppageno 0'>
   <div class='ocr_carea' id='block_1_1' title="bbox 129 423 1215 803">
    <p class='ocr_par' dir='ltr' id='par_1_1' title="bbox 129 423 1215 803">
     <span class='ocr_line' id='line_1_1' title="bbox 603 423 800 492; baseline 0.015 -18"><span class='ocrx_word' id='word_1_1' title='bbox 603 461 651 474; x_wconf 92' lang='lat'>..</span> <span class='ocrx_word' id='word_1_2' title='bbox 679 423 723 492; x_wconf 86' lang='lat'>99</span> <span class='ocrx_word' id='word_1_3' title='bbox 753 463 800 477; x_wconf 89' lang='lat'>..</span> 
     </span>
     <span class='ocr_line' id='line_1_2' title="bbox 129 567 1214 671; baseline -0.006 -26"><span class='ocrx_word' id='word_1_4' title='bbox 129 622 134 631; x_wconf 86' lang='lat'><strong>·</strong></span> <span class='ocrx_word' id='word_1_5' title='bbox 162 583 311 670; x_wconf 87' lang='lat' dir='ltr'>propter</span> <span class='ocrx_word' id='word_1_6' title='bbox 332 572 453 671; x_wconf 73' lang='lat' dir='ltr'>poetae</span> <span class='ocrx_word' id='word_1_7' title='bbox 466 570 610 645; x_wconf 91' lang='lat' dir='ltr'>obitum</span> <span class='ocrx_word' id='word_1_8' title='bbox 627 568 759 643; x_wconf 86' lang='lat' dir='ltr'>ultima</span> <span class='ocrx_word' id='word_1_9' title='bbox 779 578 875 643; x_wconf 89' lang='lat' dir='ltr'>certe</span> <span class='ocrx_word' id='word_1_10' title='bbox 902 586 1015 640; x_wconf 90' lang='lat' dir='ltr'>manu</span> <span class='ocrx_word' id='word_1_11' title='bbox 1039 567 1214 653; x_wconf 84' lang='lat' dir='ltr'>carentia,</span> 
     </span>
     <span class='ocr_line' id='line_1_3' title="bbox 163 698 1215 803; baseline -0.007 -24"><span class='ocrx_word' id='word_1_12' title='bbox 163 705 271 779; x_wconf 85' lang='lat' dir='ltr'>amici</span> <span class='ocrx_word' id='word_1_13' title='bbox 294 730 371 779; x_wconf 92' lang='lat' dir='ltr'>non</span> <span class='ocrx_word' id='word_1_14' title='bbox 392 704 472 780; x_wconf 89' lang='lat' dir='ltr'>sine</span> <span class='ocrx_word' id='word_1_15' title='bbox 494 701 661 803; x_wconf 90' lang='lat' dir='ltr'>pluribus</span> <span class='ocrx_word' id='word_1_16' title='bbox 681 700 1002 800; x_wconf 82' lang='lat' dir='ltr'>interpolamentis</span> <span class='ocrx_word' id='word_1_17' title='bbox 1021 698 1215 774; x_wconf 79' lang='lat' dir='ltr'>ediderint.</span> 
     </span>
    </p>
   </div>
   <div class='ocr_carea' id='block_1_2' title="bbox 164 832 1219 1066">
    <p class='ocr_par' dir='ltr' id='par_1_2' title="bbox 164 832 1219 1066">
     <span class='ocr_line' id='line_1_4' title="bbox 215 832 1219 936; baseline -0.007 -24"><span class='ocrx_word' id='word_1_18' title='bbox 215 836 395 925; x_wconf 82' lang='lat' dir='ltr'><strong>Omnium</strong></span> <span class='ocrx_word' id='word_1_19' title='bbox 416 848 544 911; x_wconf 88' lang='lat' dir='ltr'>autem</span> <span class='ocrx_word' id='word_1_20' title='bbox 558 834 758 936; x_wconf 83' lang='lat' dir='ltr'>elegiarum</span> <span class='ocrx_word' id='word_1_21' title='bbox 781 834 872 909; x_wconf 90' lang='lat' dir='ltr'>ordo</span> <span class='ocrx_word' id='word_1_22' title='bbox 885 844 921 908; x_wconf 91' lang='lat' dir='ltr'>et</span> <span class='ocrx_word' id='word_1_23' title='bbox 936 842 1105 930; x_wconf 84' lang='lat' dir='ltr'>tempora</span> <span class='ocrx_word' id='word_1_24' title='bbox 1130 832 1219 906; x_wconf 86' lang='lat' dir='ltr'>faoi·</span> 
     </span>
     <span class='ocr_line' id='line_1_5' title="bbox 164 969 822 1066; baseline 0 -24"><span class='ocrx_word' id='word_1_25' title='bbox 164 970 236 1044; x_wconf 87' lang='lat' dir='ltr'>lius</span> <span class='ocrx_word' id='word_1_26' title='bbox 247 971 287 1043; x_wconf 91' lang='lat' dir='ltr'>in</span> <span class='ocrx_word' id='word_1_27' title='bbox 299 971 367 1045; x_wconf 86' lang='lat' dir='ltr'>hac</span> <span class='ocrx_word' id='word_1_28' title='bbox 381 970 509 1045; x_wconf 83' lang='lat' dir='ltr'>tabula</span> <span class='ocrx_word' id='word_1_29' title='bbox 528 969 822 1066; x_wconf 81' lang='lat' dir='ltr'>conspicientur:</span> 
     </span>
    </p>
   </div>
   <div class='ocr_carea' id='block_1_3' title="bbox 193 1287 1160 1362">
    <p class='ocr_par' dir='ltr' id='par_1_3' title="bbox 193 1287 1160 1362">
     <span class='ocr_line' id='line_1_6' title="bbox 193 1287 1160 1362; baseline -0.001 -20"><span class='ocrx_word' id='word_1_30' title='bbox 193 1289 268 1347; x_wconf 85' lang='lat' dir='ltr'>Pers.</span> <span class='ocrx_word' id='word_1_31' title='bbox 320 1288 400 1362; x_wconf 77' lang='lat' dir='ltr'>uleg.</span> <span class='ocrx_word' id='word_1_32' title='bbox 493 1289 637 1349; x_wconf 71' lang='lat' dir='ltr'>anuo</span> <span class='ocrx_word' id='word_1_33' title='bbox 672 1314 679 1328; x_wconf 93' lang='lat'><em>·</em></span> <span class='ocrx_word' id='word_1_34' title='bbox 709 1288 785 1347; x_wconf 81' lang='lat' dir='ltr'>Pers.</span> <span class='ocrx_word' id='word_1_35' title='bbox 840 1287 919 1358; x_wconf 76' lang='lat' dir='ltr'>Elsg.</span> <span class='ocrx_word' id='word_1_36' title='bbox 1011 1290 1067 1348; x_wconf 84' lang='lat' dir='ltr'>An.</span> <span class='ocrx_word' id='word_1_37' title='bbox 1084 1287 1160 1349; x_wconf 76' lang='lat' dir='ltr'><strong>U.(}.</strong></span> 
     </span>
    </p>
   </div>
   <div class='ocr_carea' id='block_1_4' title="bbox 305 1528 563 1599">
    <p class='ocr_par' dir='ltr' id='par_1_4' title="bbox 305 1528 563 1599">
     <span class='ocr_line' id='line_1_7' title="bbox 305 1528 563 1599; baseline 0.016 -17"><span class='ocrx_word' id='word_1_38' title='bbox 305 1529 387 1599; x_wconf 89' lang='lat'>1,10</span> <span class='ocrx_word' id='word_1_39' title='bbox 448 1528 563 1586; x_wconf 67' lang='lat' dir='ltr'>...ut</span> 
     </span>
    </p>
   </div>
   <div class='ocr_carea' id='block_1_5' title="bbox 848 1695 1164 1766">
    <p class='ocr_par' dir='ltr' id='par_1_5' title="bbox 848 1695 1164 1766">
     <span class='ocr_line' id='line_1_8' title="bbox 848 1695 1164 1766; baseline 0.006 -8"><span class='ocrx_word' id='word_1_40' title='bbox 848 1695 855 1722; x_wconf 88' lang='lat'>’</span> <span class='ocrx_word' id='word_1_41' title='bbox 972 1704 1164 1766; x_wconf 75' lang='lat' dir='ltr'>...raa-732?</span> 
     </span>
    </p>
   </div>
   <div class='ocr_carea' id='block_1_6' title="bbox 448 1849 774 1958">
    <p class='ocr_par' dir='ltr' id='par_1_6' title="bbox 448 1849 774 1958">
     <span class='ocr_line' id='line_1_9' title="bbox 448 1849 774 1958; baseline 0 -2"><span class='ocrx_word' id='word_1_42' title='bbox 448 1899 633 1958; x_wconf 72' lang='lat'><strong>...725-727.</strong></span> <span class='ocrx_word' id='word_1_43' title='bbox 746 1849 774 1936; x_wconf 51' lang='grc' dir='ltr'><em>ζ</em></span> 
     </span>
    </p>
   </div>
   <div class='ocr_carea' id='block_1_7' title="bbox 168 2966 1229 4002">
    <p class='ocr_par' dir='ltr' id='par_1_7' title="bbox 168 2966 1229 4002">
     <span class='ocr_line' id='line_1_10' title="bbox 220 2966 1227 3068; baseline 0.003 -28"><span class='ocrx_word' id='word_1_44' title='bbox 220 2966 347 3041; x_wconf 86' lang='lat' dir='ltr'>Talem</span> <span class='ocrx_word' id='word_1_45' title='bbox 364 2968 571 3042; x_wconf 84' lang='lat' dir='ltr'>carminum</span> <span class='ocrx_word' id='word_1_46' title='bbox 590 2969 731 3058; x_wconf 85' lang='lat' dir='ltr'>seriem,</span> <span class='ocrx_word' id='word_1_47' title='bbox 756 2980 890 3068; x_wconf 86' lang='lat' dir='ltr'>praeter</span> <span class='ocrx_word' id='word_1_48' title='bbox 909 2968 1084 3043; x_wconf 86' lang='lat' dir='ltr'>eximiam</span> <span class='ocrx_word' id='word_1_49' title='bbox 1110 2969 1227 3043; x_wconf 88' lang='lat' dir='ltr'>delec-</span> 
     </span>
     <span class='ocr_line' id='line_1_11' title="bbox 171 3100 1223 3202; baseline -0.001 -26"><span class='ocrx_word' id='word_1_50' title='bbox 171 3101 350 3176; x_wconf 82' lang='lat' dir='ltr'>tationem</span> <span class='ocrx_word' id='word_1_51' title='bbox 377 3127 460 3199; x_wconf 84' lang='lat' dir='ltr'>quae</span> <span class='ocrx_word' id='word_1_52' title='bbox 476 3100 560 3176; x_wconf 88' lang='lat' dir='ltr'>inde</span> <span class='ocrx_word' id='word_1_53' title='bbox 579 3127 609 3175; x_wconf 88' lang='lat' dir='ltr'>-a</span> <span class='ocrx_word' id='word_1_54' title='bbox 636 3100 800 3176; x_wconf 88' lang='lat' dir='ltr'>litterato</span> <span class='ocrx_word' id='word_1_55' title='bbox 833 3127 978 3202; x_wconf 83' lang='lat' dir='ltr'>quoque</span> <span class='ocrx_word' id='word_1_56' title='bbox 1009 3103 1223 3199; x_wconf 88' lang='lat' dir='ltr'>percipitur,</span> 
     </span>
     <span class='ocr_line' id='line_1_12' title="bbox 171 3234 1226 3311; baseline 0.004 -6"><span class='ocrx_word' id='word_1_57' title='bbox 171 3258 247 3308; x_wconf 91' lang='lat' dir='ltr'>non</span> <span class='ocrx_word' id='word_1_58' title='bbox 263 3234 494 3308; x_wconf 82' lang='lat' dir='ltr'>mediocriter</span> <span class='ocrx_word' id='word_1_59' title='bbox 517 3246 554 3309; x_wconf 91' lang='lat' dir='ltr'>et</span> <span class='ocrx_word' id='word_1_60' title='bbox 576 3235 827 3311; x_wconf 86' lang='lat' dir='ltr'>Romanorum</span> <span class='ocrx_word' id='word_1_61' title='bbox 842 3261 989 3310; x_wconf 90' lang='lat' dir='ltr'>morum</span> <span class='ocrx_word' id='word_1_62' title='bbox 1008 3234 1171 3308; x_wconf 87' lang='lat' dir='ltr'>historiae</span> <span class='ocrx_word' id='word_1_63' title='bbox 1190 3246 1226 3309; x_wconf 90' lang='lat' dir='ltr'>et</span> 
     </span>
     <span class='ocr_line' id='line_1_13' title="bbox 172 3365 1226 3466; baseline 0.003 -27"><span class='ocrx_word' id='word_1_64' title='bbox 172 3367 372 3441; x_wconf 83' lang='lat' dir='ltr'>affectuum</span> <span class='ocrx_word' id='word_1_65' title='bbox 395 3365 644 3441; x_wconf 91' lang='lat' dir='ltr'>humanorum</span> <span class='ocrx_word' id='word_1_66' title='bbox 662 3368 820 3443; x_wconf 86' lang='lat' dir='ltr'>scientiae</span> <span class='ocrx_word' id='word_1_67' title='bbox 835 3368 1018 3466; x_wconf 78' lang='lat' dir='ltr'>prodesse,</span> <span class='ocrx_word' id='word_1_68' title='bbox 1041 3367 1226 3442; x_wconf 90' lang='lat' dir='ltr'>neminem</span> 
     </span>
     <span class='ocr_line' id='line_1_14' title="bbox 168 3497 1208 3599; baseline 0.004 -29"><span class='ocrx_word' id='word_1_69' title='bbox 168 3499 281 3597; x_wconf 85' lang='lat' dir='ltr'>fugit.</span> <span class='ocrx_word' id='word_1_70' title='bbox 297 3497 440 3599; x_wconf 89' lang='lat' dir='ltr'>Nempe</span> <span class='ocrx_word' id='word_1_71' title='bbox 458 3500 518 3575; x_wconf 89' lang='lat' dir='ltr'>hic</span> <span class='ocrx_word' id='word_1_72' title='bbox 536 3500 646 3575; x_wconf 88' lang='lat' dir='ltr'>habes</span> <span class='ocrx_word' id='word_1_73' title='bbox 660 3501 848 3576; x_wconf 83' lang='lat' dir='ltr'>luculenta</span> <span class='ocrx_word' id='word_1_74' title='bbox 861 3526 1100 3599; x_wconf 83' lang='lat' dir='ltr'>personarum</span> <span class='ocrx_word' id='word_1_75' title='bbox 1114 3502 1208 3575; x_wconf 90' lang='lat' dir='ltr'>doou</span> 
     </span>
     <span class='ocr_line' id='line_1_15' title="bbox 170 3634 1229 3733; baseline 0.003 -29"><span class='ocrx_word' id='word_1_76' title='bbox 170 3643 306 3726; x_wconf 88' lang='lat' dir='ltr'>menta,</span> <span class='ocrx_word' id='word_1_77' title='bbox 328 3656 572 3733; x_wconf 86' lang='lat' dir='ltr'>quaecumque</span> <span class='ocrx_word' id='word_1_78' title='bbox 592 3634 664 3708; x_wconf 90' lang='lat' dir='ltr'>illis</span> <span class='ocrx_word' id='word_1_79' title='bbox 693 3634 905 3733; x_wconf 83' lang='lat' dir='ltr'>reipublicae</span> <span class='ocrx_word' id='word_1_80' title='bbox 936 3634 1112 3709; x_wconf 82' lang='lat' dir='ltr'>Romanae</span> <span class='ocrx_word' id='word_1_81' title='bbox 1136 3645 1229 3708; x_wconf 90' lang='lat' dir='ltr'>tem-</span> 
     </span>
     <span class='ocr_line' id='line_1_16' title="bbox 169 3766 1228 3868; baseline 0.002 -29"><span class='ocrx_word' id='word_1_82' title='bbox 169 3766 322 3863; x_wconf 84' lang='lat' dir='ltr'>poribus</span> <span class='ocrx_word' id='word_1_83' title='bbox 338 3769 454 3842; x_wconf 87' lang='lat' dir='ltr'>amari</span> <span class='ocrx_word' id='word_1_84' title='bbox 467 3768 641 3856; x_wconf 86' lang='lat' dir='ltr'>solebant,</span> <span class='ocrx_word' id='word_1_85' title='bbox 658 3795 775 3868; x_wconf 92' lang='lat' dir='ltr'>quum</span> <span class='ocrx_word' id='word_1_86' title='bbox 796 3768 902 3842; x_wconf 88' lang='lat' dir='ltr'>Delia</span> <span class='ocrx_word' id='word_1_87' title='bbox 928 3782 1056 3866; x_wconf 86' lang='lat' dir='ltr'>nuptae</span> <span class='ocrx_word' id='word_1_88' title='bbox 1080 3767 1228 3841; x_wconf 91' lang='lat' dir='ltr'>mulier-</span> 
     </span>
     <span class='ocr_line' id='line_1_17' title="bbox 175 3898 1226 4002; baseline 0.005 -31"><span class='ocrx_word' id='word_1_89' title='bbox 175 3898 281 3992; x_wconf 83' lang='lat' dir='ltr'>oulae,</span> <span class='ocrx_word' id='word_1_90' title='bbox 309 3899 500 3976; x_wconf 78' lang='lat' dir='ltr'>Marathus</span> <span class='ocrx_word' id='word_1_91' title='bbox 522 3902 668 3977; x_wconf 85' lang='lat' dir='ltr'>delicati</span> <span class='ocrx_word' id='word_1_92' title='bbox 684 3903 800 4001; x_wconf 89' lang='lat' dir='ltr'>pueri,</span> <span class='ocrx_word' id='word_1_93' title='bbox 831 3902 993 4002; x_wconf 87' lang='lat' dir='ltr'>Sulpicia</span> <span class='ocrx_word' id='word_1_94' title='bbox 1017 3902 1148 4000; x_wconf 81' lang='lat' dir='ltr'>puellae</span> <span class='ocrx_word' id='word_1_95' title='bbox 1162 3927 1226 3976; x_wconf 88' lang='lat' dir='ltr'>no·</span> 
     </span>
    </p>
   </div>
   <div class='ocr_carea' id='block_1_8' title="bbox 177 4032 1229 4213">
    <p class='ocr_par' dir='ltr' id='par_1_8' title="bbox 177 4032 1229 4213">
     <span class='ocr_line' id='line_1_18' title="bbox 177 4032 1229 4135; baseline 0.003 -29"><span class='ocrx_word' id='word_1_96' title='bbox 177 4032 273 4125; x_wconf 87' lang='lat' dir='ltr'>bilis,</span> <span class='ocrx_word' id='word_1_97' title='bbox 297 4032 464 4110; x_wconf 83' lang='lat' dir='ltr'>Nemesis</span> <span class='ocrx_word' id='word_1_98' title='bbox 486 4035 647 4135; x_wconf 71' lang='lat' dir='ltr'>vulgatae</span> <span class='ocrx_word' id='word_1_99' title='bbox 669 4037 870 4112; x_wconf 86' lang='lat' dir='ltr'>meretricis</span> <span class='ocrx_word' id='word_1_100' title='bbox 893 4037 961 4112; x_wconf 92' lang='lat' dir='ltr'>tibi</span> <span class='ocrx_word' id='word_1_101' title='bbox 991 4035 1146 4133; x_wconf 89' lang='lat' dir='ltr'>speciem</span> <span class='ocrx_word' id='word_1_102' title='bbox 1174 4062 1229 4109; x_wconf 90' lang='lat' dir='ltr'>re-</span> 
     </span>
     <span class='ocr_line' id='line_1_19' title="bbox 1000 4161 1016 4213; baseline 0 0"><span class='ocrx_word' id='word_1_103' title='bbox 1000 4161 1016 4213; x_wconf 86' lang='lat'><em>8</em></span> 
     </span>
    </p>
   </div>
   <div class='ocr_carea' id='block_1_9' title="bbox 0 0 1388 4950">
    <p class='ocr_par' dir='ltr' id='par_1_9' title="bbox 0 0 1388 4950">
     <span class='ocr_line' id='line_1_20' title="bbox 0 0 1388 4950; baseline 0 2"><span class='ocrx_word' id='word_1_104' title='bbox 0 0 1388 4950; x_wconf 95' lang='lat' dir='ltr'> </span> 
     </span>
    </p>
   </div>
  </div>
 </body>
</html>
