2766 4950
586 497 633 510 ..
660 459 705 529 31
734 497 780 510 -

165 633 243 682 cere
261 607 436 698 saucium,
452 607 635 682 cernimus
662 633 746 682 eum
770 609 938 683 rixante
963 634 1020 681 an.
1048 611 1067 680 7
1072 612 1117 679 34
1139 605 1209 680 ini·

163 741 258 815 tium
273 741 550 816 consuetudinis
567 741 707 816 fecisse.

214 874 283 949 His
296 875 425 972 positis
438 875 484 951 de
495 875 581 950 libri
595 875 635 949 ΙΙ
651 876 878 968 condicione,
894 873 1075 952 nonnulla
1089 873 1208 966 etiam,

162 1010 196 1084 si
210 1009 377 1084 attendas
386 1010 528 1084 intimas
547 1010 750 1084 carminum
776 1010 904 1098 indoli,
931 1007 1096 1084 notanda
1110 1018 1209 1098 sunt,

161 1143 296 1241 quibus
311 1143 434 1242 elegiae
454 1143 498 1219 de
527 1142 676 1218 Nemesi
705 1145 998 1240 distinguuntur.
1024 1140 1210 1240 Imprimis

161 1303 316 1376 quaeque
330 1277 445 1376 elegia
461 1320 506 1333 -
533 1278 656 1351 forsan
672 1279 717 1352 ad
744 1278 1031 1353 Horatianarum
1057 1276 1206 1373 Epistu-

162 1411 283 1484 larum
296 1410 494 1504 exemplar,
505 1438 586 1510 quae
599 1413 808 1509 nuperrime
821 1411 860 1485 in
871 1412 992 1486 lucem
1002 1410 1212 1508 prodierant

163 1586 213 1600 -
227 1545 391 1620 dedicata
408 1555 463 1619 est
485 1545 594 1619 alicui
611 1546 655 1619 de
670 1556 785 1643 poetae
804 1543 1044 1619 familiaribus
1061 1574 1069 1618 :
1089 1544 1212 1642 elegia

167 1684 187 1754 1
218 1679 381 1754 Messala
404 1705 537 1754 nomen
566 1680 798 1779 inscriptum,
819 1681 902 1754 eta
936 1678 1103 1769 Cornuti,
1127 1678 1212 1752 eta

164 1812 367 1904 Messalini,
381 1813 429 1887 el.
448 1813 618 1886 6AEmilii
630 1813 745 1888 Macri
758 1845 767 1907 3
783 1824 818 1889 et
831 1814 984 1913 elegiam
996 1819 1030 1906 4,
1044 1836 1125 1911 quae
1139 1836 1213 1884 una

163 1948 230 2021 tali
243 1947 471 2022 dedicatione
486 1958 596 2039 caret,
616 1947 798 2041 Tibullus,
814 1948 930 2040 credo,
952 1949 982 2020 si
997 1946 1211 2021 absolvisset

163 2106 266 2178 opus,
287 2081 395 2155 amici
415 2083 578 2180 cujusvis
602 2083 750 2157 nomine
772 2083 1024 2157 decoravisset.
1044 2081 1212 2157 Secundo

163 2214 259 2288 inest
281 2215 473 2313 peculiaris
500 2216 557 2290 his
582 2216 708 2315 elegiis
733 2217 842 2310 color,
879 2214 1158 2312 festivi'aliquid
1174 2224 1211 2288 et

164 2349 279 2442 uati,
297 2350 395 2449 quod
423 2350 586 2426 medium
617 2352 714 2425 inter
738 2351 897 2426 amantis
927 2350 1091 2425 dolorem
1117 2348 1211 2423 solet

164 2483 314 2581 gliscere
339 2512 349 2558 ε
376 2496 419 2558 ut
442 2496 591 2583 apparet
610 2487 811 2583 praesertim
834 2511 881 2558 ox
901 2484 946 2558 el.
972 2489 990 2556 1
1020 2510 1054 2556 v.
1085 2485 1208 2573 oa-ta,

165 2617 210 2692 el.
232 2621 306 2691 3v.
333 2622 460 2707 65-68‚
481 2646 516 2694 v.
539 2622 582 2691 79
600 2646 664 2717 sq.,
687 2619 731 2692 el.
758 2625 780 2691 4
807 2646 844 2691 v.
877 2624 894 2690 1
925 2645 995 2716 sq.,
1020 2644 1055 2689 v.
1078 2621 1123 2689 13
1140 2641 1210 2712 sq.,

164 2777 198 2823 v.
220 2755 346 2844 55-60,
369 2752 414 2825 el.
444 2756 463 2825 5
497 2779 532 2826 v.
565 2756 737 2826 111-114.
768 2752 935 2850 Denique
967 2751 1126 2824 crebrius
1153 2748 1213 2821 hio

163 2886 395 2982 reperiuntur
415 2887 573 2986 mythici
602 2913 793 2977 excursus,
817 2887 1007 2961 sententias
1028 2885 1073 2959 ab
1089 2909 1209 2957 amore

163 3019 324 3113 diversae,
341 3020 411 3094 loci
427 3046 637 3094 communes
653 3021 817 3119 qualium
830 3019 1000 3094 videlicet
1015 3017 1208 3115 amplifica·
1303 3079 1307 3087 .

163 3155 302 3229 tionem
317 3154 427 3229 habes
443 3156 482 3228 in
496 3155 632 3229 ellv.
652 3159 698 3228 47
715 3182 794 3254 sqq.
828 3154 885 3249 (de
915 3155 1022 3250 rure),
1056 3153 1095 3225 in
1120 3151 1210 3244 el.3

163 3314 197 3362 u.
213 3293 258 3362 36
273 3314 352 3386 sqq.
369 3290 428 3384 (de
442 3287 591 3388 praeda),
605 3289 643 3362 in
658 3289 702 3363 el.
730 3294 749 3362 6
765 3317 802 3362 v.
824 3293 869 3362 21
891 3315 970 3388 sqq.
991 3287 1050 3384 (de
1066 3286 1158 3384 spe).

213 3419 304 3512 Quae
315 3423 439 3495 omnia
463 3448 505 3496 eo
521 3423 713 3520 pertinent,
752 3435 794 3496 ut
826 3449 927 3497 amor
952 3422 991 3494 in
1022 3421 1090 3494 hoc
1116 3419 1213 3492 libro

162 3555 341 3665 minorem
367 3581 477 3654 quam
493 3556 579 3630 alibi
595 3556 718 3630 locum
736 3557 899 3631 obtineat
912 3588 921 3650 ;
936 3567 1068 3654 prater
1089 3563 1212 3626 autem

160 3689 255 3761 ruris
288 3690 464 3782 studium,
494 3691 661 3778 amicitia,
690 3691 804 3787 pietas
849 3687 887 3762 in
922 3690 1090 3787 patriam,
1119 3685 1211 3758 varii

162 3848 306 3920 quoque
321 3823 570 3920 sensus,plura
584 3824 654 3896 sibi
662 3823 863 3897 vindicent.
882 3823 1026 3921 Quippe
1041 3831 1209 3894 maturus

159 3957 173 4049 j
179 3981 237 4028 am
251 3955 421 4029 Tibullus
436 3983 512 4030 non
524 3968 604 4031 toto
618 3968 762 4054 pectore
790 3969 888 4032 amat
901 3988 910 4050 ;
936 3957 1038 4030 ardet
1062 3951 1209 4051 quidem

164 4115 383 4187 magnopere
406 4103 442 4164 et
462 4091 574 4182 dolet,
598 4091 660 4164 sed
681 4102 856 4189 tanquam
882 4091 939 4163 vir
954 4091 1113 4164 formoso
1136 4111 1209 4159 cor·
