2766 4950
525 1280 726 1376 CAPUT
771 1283 845 1377 111

163 1787 225 1837 Taua
239 1801 271 1837 oa
284 1787 413 1838 Meamne
434 1801 514 1839 aureo
532 1803 624 1839 anaema
639 1807 646 1838 ι
663 1803 715 1846 ono
731 1802 844 1839 raaaoaa
856 1802 963 1839 scama
978 1803 1042 1840 saar.
1058 1815 1089 1828 -
1105 1790 1210 1840 Discer-

192 1882 264 1918 arrae
279 1882 363 1918 aeson
379 1883 483 1919 aaeaou
497 1883 586 1920 aaron.
600 1897 630 1908 -
640 1871 678 1919 Da
692 1884 777 1921 uerae
806 1885 843 1919 m.
853 1869 910 1920 Vlll
924 1884 953 1919 ar
967 1869 1050 1919 13an
1064 1884 1165 1920 onoma.
1180 1895 1209 1908 -

193 1949 286 2000 Oenea
295 1962 425 2001 uersuros
437 1963 548 2008 eumeua
560 1963 653 2009 ouran
664 1965 728 2001 nraar
739 1965 770 2000 ar
782 1951 898 2002 Seuerou
910 1965 938 2000 rr
948 1951 1074 2002 craturae
1085 1964 1209 2003 amomu.

209 2225 381 2328 Quinque
394 2226 554 2304 earmina
569 2227 613 2304 de
632 2225 738 2303 Delie
760 2238 797 2302 et
818 2253 962 2328 carmen
985 2227 1026 2303 in
1048 2225 1208 2303 natalem

153 2360 327 2437 ¹Messalae
349 2363 556 2462 insequitur
577 2364 617 2437 in
639 2363 734 2438 libro
756 2363 776 2437 I
800 2362 908 2437 series
939 2360 1137 2460 elegiarum
1165 2361 1210 2437 de

165 2495 331 2572 Marathe
345 2497 393 2595 (4,
406 2502 428 2573 8
442 2508 478 2572 et
493 2498 527 2596 9)
548 2497 597 2596 (1)
616 2526 626 2573 :
651 2497 756 2572 molli
777 2495 937 2596 quodem
958 2521 1084 2594 puero,
1102 2518 1211 2594 quem

161 2641 286 2706 nester
303 2642 418 2730 poeta,
427 2673 474 2687 -
485 2631 580 2706 sicut
595 2629 764 2706 Catullus
778 2629 1011 2723 Juventium,
1021 2628 1212 2727 Vergilius

164 2762 421 2838 Alexandrum
430 2760 622 2861 (Alexim),
641 2749 819 2837 Herelius
843 2760 1056 2861 Lyciseum,
1079 2801 1128 2816 —
1152 2759 1214 2833 ha·

198 2975 237 3051 (1)
250 2975 315 3030 dam
335 2973 452 3030 vidimus
477 2973 594 3044 primum
606 2973 639 3028 de
654 2971 781 3028 Marathe
794 2989 904 3028 carmen
924 2971 971 3045 (al.
989 2973 1010 3038 1,
1027 2971 1055 3043 4)
1068 2971 1164 3042 elegiis
1178 2971 1213 3027 da

163 3064 242 3119 Delie
265 3064 449 3135 interjectum.
472 3064 524 3119 Sed
551 3063 580 3118 id
604 3064 713 3120 etiamsi
735 3063 867 3118 Baehrens
890 3063 1018 3135 opinatur
1044 3062 1168 3118 consulto
1193 3080 1211 3116 a

162 3153 270 3208 Tibullo
285 3153 403 3224 fectum,
422 3160 532 3225 propter
548 3153 616 3209 illud
630 3153 701 3225 quod
715 3154 810 3209 dieunt
827 3174 841 3204 a
855 3152 971 3208 variatio
983 3151 1104 3206 delectat
1118 3173 1145 3220 a,
1161 3168 1210 3222 po-

162 3241 217 3298 tius
239 3243 365 3298 existimo
383 3243 474 3314 eliqua
493 3243 575 3314 primi
597 3243 709 3298 editoris
730 3242 905 3313 neglegentia
924 3241 1056 3296 accidisse
1081 3256 1172 3295 :nam
1189 3239 1212 3294 si

154 3339 242 3404 'poeta
265 3332 411 3403 elegiarum
428 3332 462 3387 de
486 3332 565 3387 Delie
590 3338 708 3387 traotum
731 3332 771 3387 ita
790 3332 913 3387 dividere
926 3332 1067 3402 voluisset,
1085 3336 1159 3386 certo
1182 3330 1211 3386 in

153 3422 251 3503 'modio
265 3422 338 3489 all,
359 3421 589 3490 loelleeavisset,
603 3439 662 3493 quae
684 3439 737 3476 une
764 3437 812 3494 per
831 3438 860 3475 se
884 3426 1004 3489 constat,
1031 3437 1086 3476 non
1111 3420 1211 3475 altares

162 3512 255 3567 alteris
277 3528 383 3566 amores
401 3511 613 3582 permiscuisset.
643 3511 779 3578 (laterum,
795 3509 819 3565 si
833 3510 896 3566 etl
910 3516 974 3582 post
995 3508 1062 3566 ab?
1091 3508 1210 3582 reponis,

156 3606 275 3657 >ednotus
288 3600 357 3655 liber
366 3599 417 3655 tibi
431 3599 545 3655 habetur
557 3599 660 3672 optimo
669 3599 785 3655 artifieio
794 3605 823 3654 et
836 3598 895 3654 fara
903 3599 1051 3654 seeundum
1061 3604 1213 3670 temporum

161 3691 285 3746 ordinem
308 3691 471 3745 constitutus
487 3706 494 3743 τ
513 3689 596 3745 series
617 3690 653 3747 el.
669 3689 703 3744 da
720 3688 811 3756 Delie,
824 3693 920 3761 utpote
933 3687 1084 3743 clarissima
1097 3687 1212 3757 amplis-

161 3779 282 3855 simaque
300 3778 364 3834 libri
376 3779 391 3833 I
405 3796 476 3850 pars,
493 3785 593 3850 atquae
607 3778 733 3836 Messalae
748 3795 853 3849 queque
868 3794 966 3832 nemen
980 3776 1093 3845 habeat,
1114 3775 1210 3848 impri-

152 3869 214 3924 'mis
235 3873 376 3937 versatur;
397 3873 456 3939 post
470 3885 550 3938 quam
571 3867 660 3922 minor
673 3867 746 3938 all,
760 3883 853 3921 emere
871 3883 969 3938 vacue,
993 3865 1070 3936 quasi
1096 3882 1211 3936 pausem

163 3959 262 4027 afficit;
277 3956 375 4012 deinde
393 3956 466 4011 subit
479 3957 564 4011 altera
579 3957 740 4012 erotioarum
751 3956 900 4026 elegiarum
911 3956 1004 4026 serias,
1021 3955 1054 4010 de
1065 3953 1191 4009 Marathe
1207 3975 1212 4007 :

164 4048 207 4101 cui
228 4045 361 4102 terminus
383 4044 490 4100 aooedit
510 4045 546 4104 ol.
564 4047 606 4118 10,
625 4051 690 4102 ante
709 4049 812 4101 caterae
825 4044 936 4116 quidem
952 4044 1064 4116 scripta,
1079 4043 1127 4099 sod
1153 4060 1212 4114 quaa

165 4144 273 4209 propter
288 4137 406 4191 materiae
422 4136 539 4203 speeiem
554 4135 666 4191 ubilibet
685 4141 748 4207 epta
760 4135 873 4190 locetur.
