2766 4950
512 512 560 527 ...
585 476 628 544 91
660 513 707 527 .-

87 616 195 708 Quod
208 619 319 713 etiam
338 618 469 695 elarius
482 634 645 720 apparet,
663 623 694 696 si
712 622 827 696 Deliae
848 645 974 696 emens
993 621 1132 697 eonfer-

87 764 149 825 tur
175 778 257 828 cum
276 752 404 828 ueteris
420 753 545 829 latinis
562 755 749 856 elegorum
771 755 975 854 magistris·
990 754 1134 854 Quippe

89 884 244 963 Ovidius
269 887 308 960 in
334 889 516 964 Amorum
532 889 635 963 libris
658 890 770 964 vilem
789 889 896 988 plane
916 889 1134 988 futilemque
1196 942 1201 955 .
1235 955 1237 961 .

87 1021 274 1095 materiam
292 1020 455 1096 facillimi
466 1024 605 1122 ingenii
620 1023 766 1098 lusibus
783 1025 990 1117 adornavit,
1007 1021 1135 1099 multis

88 1181 173 1229 cum
198 1155 333 1231 salibus
358 1157 572 1257 dicendique
599 1159 800 1234 luminibus
826 1159 1012 1235 lasciviam
1038 1157 1136 1235 cele·
1178 1134 1185 1151 ’

88 1290 218 1381 brevit,
242 1313 317 1365 non
343 1315 516 1366 amorem.
537 1291 588 1367 Et
613 1293 735 1391 ipsum
762 1294 859 1392 apud
887 1293 1134 1392 Propertium,
1215 1368 1224 1397 ζ

88 1450 198 1522 quem
216 1423 367 1522 plurimi
388 1425 527 1501 Tibulli
545 1426 681 1502 hebent
697 1427 863 1522 rivalem,
879 1428 948 1503 etei
967 1423 1136 1504 firmiori-

89 1557 158 1633 bus
184 1558 326 1647 nervis,
359 1561 522 1636 masculo
559 1561 720 1660 quodem
754 1561 967 1661 ardentique
1006 1562 1138 1661 spiritu

89 1703 250 1790 praestat,
266 1693 509 1769 nihilominus
529 1695 757 1770 desideratur
776 1693 934 1772 el'titudo
953 1696 1137 1795 illa'oupi·

90 1828 185 1902 dinis
208 1840 245 1903 et
259 1829 459 1903 effectuum
475 1829 660 1904 subtilitas
689 1856 760 1929 que
784 1831 1140 1906 meximeTibullue

88 1963 309 2061 insignitur3
324 1963 457 2062 sepius
481 1989 628 2063 quoque
645 1965 760 2039 nimie
780 1964 956 2040 doctrinae
977 1965 1137 2040 ostenta

89 2097 189 2172 tione
214 2121 255 2172 ee
281 2095 407 2171 sedule
436 2097 704 2197 exemplarium
723 2097 935 2174 Graecorum
959 2099 1137 2176 imitatio

89 2259 135 2306 ne
151 2231 201 2330 (1)
216 2231 376 2330 -quod
390 2258 464 2307 non
479 2233 616 2330 pariter
628 2232 668 2307 in
682 2232 831 2308 Tibullo
846 2243 951 2308 notes
965 2235 1067 2308 nude
1080 2233 1140 2305 fu-·

89 2377 192 2442 eatur
212 2377 357 2441 natura.
382 2364 513 2464 Itaque
530 2393 627 2441 unus
645 2367 792 2442 videtur
813 2368 845 2441 is
863 2393 941 2442 esse
957 2366 1136 2459 Catullus,

89 2501 152 2598 qui
175 2501 213 2574 vi
233 2512 270 2576 et
290 2501 521 2599 ingenuitate
543 2503 743 2578 affectuum
757 2501 906 2577 Tibullo
931 2501 1139 2589 aemuletur,

89 2634 196 2710 ambo
216 2634 434 2733 alioquinin
453 2636 609 2711 amando
625 2661 737 2734 quam
756 2635 996 2711 diversissimi
1018 2666 1026 2710 :
1049 2635 1136 2710 elte-

88 2768 164 2841 rius
191 2767 290 2842 enim
310 2767 472 2844 violenta
493 2768 673 2844 violenter
697 2768 832 2866 cupido
858 2767 1045 2857 declarari,
1065 2767 1137 2842 hue

87 2901 176 2975 illue
192 2928 379 3000 erumpere
396 2929 437 2981 ee
450 2903 651 3002 persultare
664 2902 846 2979 cruciatus
860 2903 1016 2996 enimus,
1032 2902 1139 2977 subi-

125 3142 160 3212 (1)
186 3141 244 3196 Non
264 3141 323 3196 sine
340 3141 432 3212 eliqua
450 3143 594 3198 miratione
613 3142 737 3198 eudimus
755 3142 925 3213 Propertium
941 3142 970 3196 in
993 3141 1030 3198 el.
1052 3141 1105 3210 IV,
1121 3142 1134 3196 1

88 3230 144 3303 (ed.
159 3231 276 3302 Haupt),
292 3229 427 3288 invocatis
442 3231 604 3287 Callimachi
618 3237 646 3287 et
662 3232 776 3287 Philetae
790 3232 990 3302 manibus,haeo
1001 3231 1106 3304 jactare

308 3376 400 3424 Primus
416 3389 458 3436 ego
472 3375 590 3437 ingredior
608 3389 667 3438 puro
689 3375 717 3424 de
735 3373 797 3423 tonte
811 3375 921 3425 sacerdos

373 3455 434 3504 Itala
446 3467 488 3517 per
501 3453 586 3504 Graios
595 3455 661 3516 orgia
674 3455 735 3504 terre
745 3456 842 3504 ehoros.

91 3604 152 3645 euru
166 3587 282 3642 antehae
294 3586 388 3657 elegos
403 3587 536 3657 Catullus,
550 3587 654 3657 (lellus,
667 3587 792 3642 Tibullus
803 3586 949 3658 preclaro·
958 3586 1138 3658 aripennem.

92 3678 133 3730 De
144 3692 196 3746 quo
211 3674 306 3730 doetus
316 3675 357 3729 vir
371 3677 406 3733 G.
423 3674 541 3730 Boissier
557 3674 704 3746 (Properee
718 3681 743 3730 et
760 3676 873 3746 Tibulle,
883 3674 912 3728 in
923 3675 1101 3746 Reeuepolit.
1115 3681 1140 3731 et

92 3765 156 3834 titt.¹
180 3765 260 3834 1886)
281 3782 335 3819 non
359 3763 457 3819 inseite
479 3763 606 3834 opinatur
629 3764 800 3835 Propertium
818 3781 848 3818 se
857 3767 983 3835 primum
997 3769 1139 3834 propterea

92 3853 180 3908 dicere
201 3853 330 3925 potuisse,
354 3853 425 3924 quod
438 3852 564 3908 Tibullus
587 3857 616 3906 et
631 3853 716 3908 ueteri
727 3858 815 3911 metro
827 3870 844 3911 e
857 3852 962 3908 Graecis
974 3851 1083 3924 quidem
1096 3851 1142 3912 ἀφ’

92 3947 216 4013 prompto
234 3959 306 3997 nove
319 3949 347 3996 et
361 3943 468 4013 propria
487 3941 663 4012 cecinissent,
685 3943 745 4014 ipse
762 3960 824 3998 vero
841 3942 1001 4014 diligentius
1015 3942 1139 3996 Alexan-

92 4030 229 4087 drinorum
244 4038 384 4104 poetarum
396 4032 496 4103 scripte
508 4031 680 4093 emularetur
693 4050 700 4086 :
715 4032 786 4088 unde
799 4031 901 4088 erotica
908 4029 1011 4087 Tibulli
1019 4030 1141 4088 omnine

94 4120 179 4190 magis
194 4120 320 4186 ementis,
338 4121 470 4190 Propertii
484 4119 569 4189 magis
584 4120 696 4176 artificis
710 4137 768 4176 ease
784 4124 900 4179 eonetut.
