2766 4950
593 508 783 575 ..41-

178 674 283 725 versu
297 663 505 727 mutaretur
521 650 585 751 (1).
614 650 790 745 Quinimo
811 650 928 727 Deliae
943 652 1123 726 vocabulo
1141 677 1223 752 per·

176 797 343 861 sonatam
368 811 445 862 esse
468 785 630 886 puellam
655 785 826 860 Planiam
840 786 886 861 ab
904 785 1065 884 Apuleio
1087 787 1221 884 accepi·

174 944 256 994 mus
278 919 333 1018 (2)
356 949 365 996 :
389 921 494 1018 cujus
514 920 781 1011 testimonium,
798 919 941 995 nullam
952 920 1000 995 ob
1015 945 1161 995 causam
1178 922 1224 996 ab

172 1053 198 1128 J
199 1053 276 1128 ulio
289 1056 411 1155 Soury
422 1054 695 1155 impugnatum,
712 1080 756 1131 eo
772 1054 947 1131 sincerius
962 1055 1110 1131 videtur
1124 1056 1221 1155 quod

164 1188 323 1286 joculari
335 1189 493 1290 quadam
506 1189 749 1265 translatione
757 1188 866 1265 Delta
881 1189 1046 1265 ePlaoia
1058 1187 1163 1289 (δῆλος
1174 1223 1224 1255 =

169 1323 323 1422 planus)
336 1325 475 1424 optimo
489 1324 582 1426 fingi
597 1325 784 1424 potuerit3
816 1325 856 1399 ni
879 1324 1094 1423 simpliciter
1114 1335 1222 1424 putes

167 1458 320 1558 proprio
328 1456 457 1534 Dianae
473 1459 684 1559 cognomini
691 1459 827 1535 blande
839 1458 999 1535 alludere
1010 1471 1171 1558 poetam.

219 1591 328 1668 Delia
345 1594 419 1690 illa,
435 1606 479 1670 ut
495 1595 659 1694 primum
679 1593 828 1669 Tibullo
841 1594 991 1692 placuit,
1007 1604 1125 1693 nupta
1142 1595 1222 1692 jam
1266 1578 1271 1585 ⁹

168 1739 250 1803 erat
266 1727 324 1828 (el.
343 1726 373 1822 I,
389 1733 422 1820 2,
441 1756 479 1803 v.
500 1733 545 1802 41
560 1726 611 1823 ;Ι,
625 1733 657 1822 6,
678 1728 838 1826 passim3
858 1755 942 1803 cum
960 1729 1094 1827 quibus
1113 1728 1224 1803 etiam

169 1863 359 1962 conspirat
373 1863 419 1938 el.
433 1863 463 1958 I,
480 1868 516 1948 5,
534 1891 572 1939 v.
595 1868 613 1937 ‘i
629 1893 637 1939 ε
651 1863 786 1962 furtivi
805 1863 938 1938 soedera
951 1863 1065 1961 lecti).
1088 1861 1225 1937 Utrum

169 2023 259 2072 vero
275 1998 437 2098 ingenua
455 2024 501 2072 an
515 1997 687 2073 libertina
706 1996 770 2097 (3),
787 1997 1001 2097 ambigitur,
1016 2024 1083 2072 nec
1096 1998 1223 2096 magni

168 2133 281 2208 refert
303 2134 392 2209 :sed
405 2134 510 2208 tenui
525 2144 622 2208 certe
637 2133 717 2208 loco
739 2144 878 2226 exorta,
900 2133 959 2207 cui
979 2134 1223 2207 matronalem

168 2268 329 2361 cultum,
347 2269 485 2344 fatente
500 2267 660 2360 Tibullo,
675 2294 750 2342 non
770 2267 921 2343 induere
938 2267 1067 2359 fassit,
1086 2268 1144 2341 cui
1157 2267 1215 2366 (el.

167 2398 463 2500 1,6;v.67sq.)

291 2641 722 2669 .........
764 2614 826 2658 non
839 2597 913 2659 vitta
926 2595 1035 2677 ligatos

371 2711 522 2794 Impediat
535 2712 643 2789 crines,
658 2732 713 2775 neo
724 2713 798 2775 calca
812 2715 898 2792 trapa
915 2712 1014 2793 pedes.

219 2908 316 3009 ipsa,
333 2909 364 2986 si
382 2935 402 2984 e
425 2909 635 2986 Tibulliano
654 2911 816 2988 carmine
840 2910 1070 3010 perspicitur,
1096 2913 1219 3011 puella

168 3055 225 3120 est
240 3045 330 3121 facie
344 3044 515 3144 speciosa,
542 3045 678 3120 teneris
701 3045 846 3121 lacertis
873 3069 914 3120 ac
942 3046 1038 3120 flavo
1062 3046 1195 3144 capillo
1207 3076 1216 3139 ;

167 3179 318 3277 ingenio
332 3179 475 3254 nonita
491 3180 593 3273 scito,
611 3179 866 3279 superstitioni
887 3179 1011 3254 dedita
1026 3205 1093 3254 nec
1106 3180 1217 3253 infre·

168 3338 285 3414 quens
298 3310 409 3396 Isidis
427 3313 584 3404 cultrix3
604 3314 765 3413 benigna
783 3324 840 3388 sat
859 3312 1002 3404 indole,·
1014 3312 1184 3388 amantis
1203 3358 1215 3371 -

201 3535 242 3608 (1)
258 3534 363 3591 Scimus
382 3535 554 3607 Cytheridem
566 3535 677 3591 mimam
695 3554 712 3590 a
726 3535 851 3592 Cornelio
865 3534 946 3592 Gallo
961 3535 1103 3606 Lycoridis
1118 3551 1216 3591 nomen

164 3626 315 3696 accepisse.

203 3716 240 3786 (2)
259 3736 272 3766 α
289 3715 434 3773 ...Eadem
457 3732 539 3787 opera
564 3714 680 3788 [magia]
704 3720 867 3775 accusent...
880 3714 1030 3781 Tibullum,
1046 3714 1116 3785 quod
1135 3713 1161 3768 oi
1181 3712 1216 3768 sit

162 3804 262 3862 Plania
274 3805 303 3859 in
318 3805 419 3875 anima
434 3805 514 3861 Delia
526 3806 555 3859 in
569 3822 657 3865 versu,
673 3827 687 3857 a
700 3805 820 3877 Apolop.
830 3807 863 3863 X.
877 3838 912 3846 -
921 3805 1028 3860 Plania
1042 3804 1100 3858 sine
1118 3803 1214 3872 dubi03

161 3911 319 3966 quanquam
331 3895 398 3949 etin
412 3895 466 3951 alio
481 3895 585 3966 codice,
598 3895 646 3951 sed
661 3895 800 3967 mendoso,
817 3897 931 3952 Plautio
944 3893 1058 3963 legitur.

202 3984 240 4058 (3)
256 3985 359 4040 Notum
374 3989 416 4041 ost
430 3984 473 4040 his
491 3984 647 4057 reipublicae
663 3985 788 4040 aetatibus
807 3984 950 4040 libertinas
973 3984 1002 4037 in
1017 3979 1220 4037 matrimonium

163 4093 184 4130 a
201 4073 308 4130 civibus
322 4074 386 4130 duci
397 4076 534 4148 potuisse;
550 4093 614 4131 mox
628 4092 676 4146 per
690 4075 780 4145 legem
799 4076 817 4130 J
819 4073 902 4129 uliam
916 4073 961 4143 (de
975 4070 1135 4128 maritandis
1150 4069 1194 4124 ord
1200 4069 1219 4124 i-

164 4163 257 4238 nibus)
268 4165 337 4219 tales
351 4167 460 4236 nuptias
475 4173 503 4220 ot
518 4165 657 4236 equitibus
672 4165 826 4235 permissas,
