2766 4950
215 1681 251 1728 Dss
269 1681 424 1729 TlBULLlANAE
441 1691 548 1727 PORSEOS
567 1690 659 1727 mooun
676 1690 705 1725 ΕΤ
722 1688 853 1726 carmelo.
875 1676 1024 1726 CONCLUSIO.

144 1947 265 2038 Nunc,
294 1948 364 2022 rite
382 1948 578 2047 recognitis
605 1947 707 2022 Albii
731 1947 933 2041 amoribus,
963 1947 1140 2022 habemus

97 2081 194 2157 imde
224 2081 442 2156 Tibullianac
470 2108 618 2181 poeseos
642 2106 786 2157 summa
808 2081 1041 2156 aestimetur:
1064 2107 1138 2181 quo

96 2242 183 2291 sane
204 2227 311 2314 poeta
340 2217 380 2290 in
404 2216 528 2291 latinis
554 2216 686 2292 litteris
704 2216 882 2315 ampliora
910 2216 1078 2316 quandam
1106 2228 1142 2292 et

98 2350 246 2426 elatiora
270 2352 419 2451 ingenia
446 2353 555 2447 fuere,
581 2352 727 2427 nullum
746 2352 897 2427 omnino
911 2353 1061 2428 suavius
1079 2362 1143 2426 aut

98 2485 290 2559 venustius
331 2512 603 2562 commemores.
636 2486 837 2586 Equidem,
880 2486 1145 2561 sententiarum

97 2644 164 2694 nec
200 2619 303 2718 copia
329 2645 397 2694 nec
416 2620 593 2696 varietate
618 2620 834 2720 praeclarus,
858 2618 1029 2694 Tibullus
1052 2647 1146 2720 gyro

98 2752 309 2828 continetur
326 2754 462 2852 exiguo
480 2783 491 2831 z
511 2755 645 2854 partim
672 2781 748 2846 rus,
776 2752 911 2851 partim
938 2779 1039 2828 amor
1063 2780 1146 2830 cau·

98 2912 178 2961 sam
209 2878 363 2961 canendi
394 2886 568 2986 suppetit,
596 2887 711 2962 amba
741 2896 864 2960 autem
893 2911 950 2960 res
975 2885 1029 2958 ita
1052 2910 1147 2959 con·
1227 2933 1231 2941 ·

99 3031 226 3110 textae,
247 3031 384 3096 utnon
400 3021 562 3097 vicissim
590 3021 756 3113 subeant,
775 3018 837 3094 sed
862 3018 935 3093 fere
950 2993 1151 3092 coalescere

99 3154 295 3230 videantur
318 3156 357 3229 in
382 3182 499 3230 unum
523 3157 590 3254 (1).
617 3155 663 3230 ln
685 3156 797 3252 hujus
823 3164 946 3228 autem
976 3151 1147 3228 curriculi

101 3290 296 3388 angustiis,
313 3290 450 3365 mirum
469 3302 560 3391 quot
577 3301 613 3365 et
635 3299 773 3389 quanta
785 3287 984 3387 perfecerit.

63 3524 66 3537 λ
151 3421 233 3498 Etsi
245 3423 426 3524 plerisque
441 3423 694 3499 Romanorum
709 3422 929 3520 scriptorum
941 3431 1074 3495 natura
1091 3421 1149 3494 in-

137 3656 175 3727 (1)
190 3657 291 3711 Praeter
305 3656 344 3716 el,
366 3657 390 3727 1,
412 3658 524 3728 10,quae
534 3657 563 3711 in
577 3673 632 3711 uno
643 3671 704 3711 rure
714 3659 845 3721 versatur,
859 3651 898 3710 ol.
918 3651 943 3721 l,
955 3651 970 3705 7
980 3650 1014 3705 de
1025 3651 1151 3706 Messalae

104 3745 243 3814 natalicio,
267 3752 392 3815 quattuor
413 3747 509 3816 elegiae
534 3745 566 3800 dc
591 3745 670 3800 Delia
695 3745 729 3814 (Ι,
759 3745 784 3812 1,
801 3744 827 3810 2,
851 3741 877 3808 3,
894 3742 921 3808 5)
944 3746 972 3794 et
994 3746 1049 3794 tres
1066 3739 1102 3794 el.
1118 3741 1151 3795 de

100 3834 210 3888 Nomesi
225 3835 275 3905 (ΙΙ,
294 3836 316 3902 1,
326 3835 353 3902 3,
369 3836 397 3907 5)
407 3835 470 3907 plus
482 3836 571 3890 minus
586 3834 681 3890 rustici
695 3832 791 3888 coloris
806 3830 919 3888 hubent.
932 3829 972 3883 Dc
985 3845 1045 3882 rure
1057 3835 1152 3884 contra

101 3923 196 3978 siletur
207 3923 235 3976 in
247 3941 301 3978 una
315 3925 463 3995 elegiarum
478 3926 511 3980 da
526 3926 602 3980 Delia
617 3925 652 3997 (Ι,
663 3925 701 3994 6),
713 3923 816 3978 duabus
833 3919 867 3974 de
880 3917 991 3973 Nemori
1006 3917 1057 3986 (ΙΙ,
1073 3919 1098 3981 4,
1111 3919 1150 3989 6),

104 4012 208 4067 cunctis
229 4013 263 4067 de
284 4014 407 4080 Maratha
422 4014 456 4086 (Ι,
470 4017 496 4083 4,
517 4016 543 4083 8,
559 4017 598 4084 9),
612 4014 678 4068 item
694 4013 722 4067 in
739 4010 863 4066 omnibus
884 4007 936 4067 lib,
957 4007 995 4062 1v
1015 4006 1149 4078 elegidiis‚

104 4100 160 4154 sivo
175 4100 209 4154 de
220 4100 348 4170 Sulpicia,
361 4103 419 4156 sivo
432 4104 465 4156 de
481 4103 597 4173 Glycera
610 4104 674 4172 (IV,
689 4102 735 4156 2·6
750 4106 778 4156 et
791 4099 834 4166 13,
850 4097 903 4168 14).
