2766 4950
71 646 335 721 Ambrosianus
345 647 522 722 exhibent
532 648 623 722 mire
633 647 783 746 quidem
794 645 936 721 accedit
949 645 1126 721 librorum

73 778 463 857 Lachmannianorum
489 781 615 856 classis
640 781 815 871 secunda,
848 780 911 854 sed
936 807 1012 854 non
1035 780 1125 854 item

74 915 196 1013 prima
219 941 261 991 ae
283 916 391 991 tertia
408 917 483 991 :ita
505 927 549 990 ut
570 942 713 990 revera
738 916 773 987 A
799 924 836 988 et
854 912 896 1004 0,
914 940 1126 1013 quanquam

73 1049 204 1123 multis
230 1049 577 1150 interpolationibus
602 1050 737 1142 foedati,
766 1049 952 1148 propriam
980 1059 1127 1124 servent

75 1184 357 1279 auctoritatem
380 1211 479 1259 unus
506 1183 535 1258 B
561 1184 753 1257 minimam
777 1182 837 1258 vel
861 1181 1016 1276 nullam,
1042 1209 1127 1256 oum

75 1316 204 1393 eadem
216 1328 344 1393 textus
358 1319 608 1394 formamulto
632 1318 763 1392 melius
798 1317 1067 1392 Baehrensianis
1086 1316 1129 1389 li·

76 1450 154 1524 bris
169 1462 463 1550 repraesentetur,
480 1452 556 1527 imo
574 1452 605 1526 B
627 1452 781 1527 fortasse
797 1451 950 1527 fluxerit
976 1478 1024 1527 ex
1040 1452 1131 1526 Am·

79 1585 280 1684 brosiano(
310 1587 337 1685 )

131 1720 177 1818 (b.
210 1717 297 1793 Non
313 1719 435 1794 solum
454 1720 632 1795 familiam
644 1719 681 1794 Y
697 1745 872 1794 renovare
887 1720 1007 1795 voluit
1027 1720 1133 1794 Boeh·

78 1878 176 1945 rens,
205 1854 269 1928 sed
295 1855 364 1929 sub
394 1856 470 1929 fine
490 1881 547 1928 an.
580 1858 685 1947 1876,
712 1880 797 1928 eum
820 1852 1133 1954 Guelferbytanus

79 1986 234 2085 quidam
252 1988 371 2062 codex
383 1988 424 2061 in
440 2014 573 2061 manus
586 1989 665 2085 ejus
686 1987 888 2080 incidisset,
906 1987 1055 2062 alterius
1081 1989 1131 2062 fa-

79 2119 406 2196 miliaeXunieum
417 2124 833 2220 testemjamrepertum
842 2147 921 2197 esse
931 2121 1131 2197 contendit.

81 2249 205 2327 Guelf.
220 2251 293 2344 ille,
315 2252 410 2327 circa
427 2279 488 2326 an.
503 2255 597 2326 1425
612 2263 786 2327 exaratus
800 2252 1008 2349 ascriptore
1022 2253 1132 2351 scrip·

82 2398 207 2461 turam
242 2387 541 2485 langobardicam
577 2388 757 2478 imitante,
784 2387 925 2486 aliquot
949 2384 1134 2461 decenniis

82 2531 169 2620 post
186 2520 348 2594 secunda
360 2547 473 2596 manu
487 2533 669 2596 correctus
687 2520 744 2617 (de
756 2546 828 2620 qua
848 2531 943 2595 certe
969 2545 1046 2594 non
1074 2547 1134 2593 cu·

81 2654 268 2752 randum),
289 2655 409 2748 scatit,
437 2667 616 2755 tanquam
639 2669 728 2731 este
748 2656 871 2731 saeculi
891 2681 988 2730 more
1016 2655 1136 2754 suspi-

82 2790 166 2882 cari,
185 2789 546 2888 interpolationibus.
567 2789 648 2865 Hoc
674 2802 798 2864 autem
813 2790 932 2888 primo
945 2791 1031 2863 visu
1048 2790 1135 2863 insi-

80 2923 221 3020 gnitur,
245 2925 345 3023 quod
377 2924 553 3001 lectiones
577 2925 781 3023 complures
804 2926 917 2999 habet
939 2950 1027 2998 cum
1052 2949 1134 2997 exc.

82 3053 262 3130 Parisinis
277 3069 553 3134 consentaneas.
580 3056 636 3132 De
649 3085 686 3132 re
700 3085 775 3132 non
795 3059 978 3157 litigatur,
1001 3057 1065 3132 sed
1085 3056 1137 3130 rei

81 3189 369 3289 interpretandae
398 3193 540 3269 diversa
567 3193 639 3268 via.
670 3193 739 3267 Ait
765 3193 913 3292 quidem
942 3190 1133 3274 Baehrens,

82 3325 234 3424 ejusque
242 3338 398 3403 sectator
407 3327 613 3420 Leonhard,
621 3325 744 3402 Guelf.
755 3324 1025 3400 oumParisinis
1035 3349 1139 3423 prop·

82 3471 181 3536 terea
194 3462 415 3550 consentire,
433 3462 531 3561 quod
546 3461 673 3535 eodem
693 3460 894 3559 archetypo
914 3459 1062 3557 (nempe
1079 3483 1136 3533 oo·

84 3595 163 3669 dice
182 3596 359 3694 quopiam
379 3622 462 3670 saeo.
487 3621 516 3670 x
545 3593 753 3668 Veronensi
767 3595 795 3693 ?)
836 3593 1046 3685 defluxerit,
1065 3618 1139 3690 quo

84 3729 265 3804 Parisino.
283 3730 481 3805 Rothstein
494 3739 636 3819 contra,
654 3725 701 3804 Gr.
717 3753 835 3800 unum
858 3753 935 3801 esse
962 3725 1007 3799 de
1023 3724 1138 3798 Lach-

85 3865 368 3939 mannianorum
385 3865 564 3939 librorum
590 3863 708 3962 plebe,
729 3889 839 3960 quem
859 3862 988 3935 doctus
1013 3859 1131 3934 libra-

123 4073 160 4146 (1)
170 4072 215 4128 Sic
228 4071 383 4142 Leonhard,
397 4072 441 4126 oui
453 4070 579 4126 lubenter
590 4069 724 4124 assentior
737 4087 744 4123 ε
760 4067 903 4122 Rothstein
922 4071 999 4120 tenet
1012 4066 1066 4119 Am
1072 4063 1136 4119 bro·

88 4161 194 4215 sianum
201 4176 257 4215 non
271 4166 411 4232 parentem
426 4178 495 4229 esse,
506 4159 552 4215 sed
566 4175 725 4230 germanum
736 4155 952 4212 Lachmanniani
968 4155 1000 4208 B.
