2766 4950
597 470 643 482 ..
671 433 718 500 44
745 471 792 483 ..

179 579 243 653 nio
255 579 365 676 longe
385 579 565 653 abhorret.
586 579 755 653 Alteram
780 591 908 655 contra
933 579 1088 677 elegiam
1114 573 1159 671 (I,
1190 574 1225 670 1)

178 712 217 786 in
231 712 374 787 exordii
386 712 540 786 modum
556 737 633 795 esse
647 712 842 787 conflatam
858 709 1149 788 luculentissime
1167 731 1227 805 ap·

176 856 301 943 paret:
316 845 394 920 sive
412 843 577 919 Messalae
592 836 644 943 (νζ
657 844 719 941 53)
732 844 967 944 compellatio
994 839 1224 918 animadver-

175 978 279 1072 titur,
292 1002 364 1077 qua
380 977 549 1052 Tibullus
572 976 670 1052 claro
687 978 803 1053 amico
827 979 1019 1054 universos
1047 975 1093 1050 de
1116 969 1226 1047 Delia

175 1112 296 1210 elegos
310 1112 458 1187 videtur
472 1111 637 1187 dedicare
650 1141 659 1204 ;
673 1112 750 1188 sive
766 1112 882 1187 totius
906 1111 1031 1210 elegiae
1056 1102 1224 1208 placidus

173 1257 290 1342 tenor,
316 1256 493 1346 tanquam
520 1246 591 1321 viri
615 1272 754 1322 novam
776 1272 947 1324 venerem
984 1240 1223 1344 auspicantis,

172 1380 340 1455 nondum
366 1380 565 1456 acrioribus
596 1380 778 1479 cupidinis
798 1382 896 1456 curis
924 1378 1117 1480 impliciti3
1146 1377 1223 1451 sive

172 1515 354 1614 praecipue
373 1513 543 1588 carminis
562 1514 767 1608 artificium,
786 1515 852 1589 ubi
865 1513 1051 1614 gradatim
1071 1537 1091 1586 a
1110 1536 1223 1610 gene-

170 1647 308 1723 ralibus
320 1648 510 1724 sententiis
530 1659 637 1747 poeta
648 1648 783 1746 transit
798 1648 844 1721 ad
868 1648 1036 1746 proprios
1062 1669 1218 1720 amores·

171 1781 314 1881 Quippe
342 1782 466 1882 elegiae
479 1782 509 1876 I,
531 1787 549 1855 1
576 1782 675 1881 prior
696 1794 733 1857 et
750 1783 923 1882 pleraque
946 1807 1030 1880 pars
1053 1780 1092 1853 in
1118 1777 1220 1852 nulla

169 1916 294 1990 aliare
319 1925 501 2019 uersatur,
537 1941 648 2014 quam
670 1915 709 1989 in
735 1917 838 1991 brevi
869 1915 956 1991 belli
976 1913 1220 1990 detestatione

171 2050 221 2148 (v.
233 2048 317 2148 1-4),
333 2049 457 2148 longis
478 2051 564 2124 vitae
590 2051 736 2125 rusticae
751 2050 925 2125 laudibus
943 2048 992 2149 (v.
1009 2048 1123 2145 544),
1137 2048 1217 2123 ideo

169 2208 279 2282 supra
287 2183 394 2258 dictae
408 2183 453 2258 el.
463 2183 493 2278 I,
506 2187 551 2258 10
571 2183 769 2275 simillima,
782 2184 855 2257 nisi
868 2183 967 2282 quod
973 2192 1090 2282 poetae
1102 2208 1219 2281 perso

105 2320 107 2326 ’
168 2341 255 2390 nam
278 2316 339 2392 hic
357 2317 475 2416 magis
502 2316 638 2392 directe
664 2317 873 2411 intuemur3
892 2328 930 2392 at
952 2327 1149 2416 postquam
1181 2340 1216 2390 se

168 2450 388 2549 Triptolemi
411 2460 475 2525 aut
502 2449 652 2543 Cereris,
683 2450 808 2550 Priapi
840 2460 904 2525 aut
930 2450 1030 2525 Palis
1057 2449 1216 2548 agrestia

165 2609 267 2659 sacra
279 2584 525 2660 celebrantem
545 2585 792 2683 pristinosque
807 2584 919 2660 Lares
942 2582 1073 2659 hostiis
1094 2583 1214 2659 colen·

162 2731 248 2813 tem,
265 2745 302 2794 se
315 2719 518 2813 consitoris‚
539 2720 707 2808 aratoris,
736 2718 892 2816 pastoris
918 2727 1014 2793 artes
1038 2744 1211 2795 exercen-

161 2865 247 2948 tem,
261 2879 300 2928 se
313 2853 471 2952 denique
486 2852 586 2927 dulci
603 2852 746 2927 inertiae
759 2852 1018 2951 iudulgentem
1038 2853 1210 2951 praebuit‚

161 2987 340 3064 continuo
377 3012 551 3081 amorem,
587 2987 807 3062 suavissima
843 2987 951 3063 hacce
992 2987 1215 3063 transitione

163 3120 211 3221 (v.
224 3119 365 3220 43·46)‚
384 3120 537 3220 attingit
555 3150 563 3194 :

285 3389 553 3404 ......
596 3341 669 3404 satis
679 3346 734 3415 est,
749 3341 931 3422 requiescere
951 3342 1028 3405 lecto

381 3458 413 3520 Si
424 3458 495 3520 licet
509 3463 540 3519 et
552 3457 641 3519 solito
660 3457 795 3520 membra
807 3457 906 3520 levare
921 3463 998 3521 toro.

281 3573 378 3650 Quam
389 3573 476 3653 juvat
485 3573 617 3637 immites
630 3578 735 3636 ventos
753 3573 857 3636 audire
868 3574 1028 3638 cubantem

380 3688 419 3751 Et
434 3689 583 3753 dominam
598 3695 701 3754 tenero
710 3688 874 3754 detinuisse
885 3691 965 3754 sinu.

207 3920 312 3996 Nihil
338 3922 514 3998 hactenus
531 3924 644 3998 habes
666 3933 797 4020 praeter
814 3926 1065 4024 voluptarium
1089 3926 1207 4025 phan-

157 4055 258 4131 tasiae
273 4056 406 4151 lusum,
416 4058 595 4132 visionem
609 4081 628 4130 t(
643 4056 801 4131 dominae
818 4059 962 4134 »nullis
977 4062 1085 4137 certis
1098 4061 1206 4138 linea
