<?xml version="1.0" encoding="UTF-8"?>
<!DOCTYPE html PUBLIC "-//W3C//DTD XHTML 1.0 Transitional//EN"
    "http://www.w3.org/TR/xhtml1/DTD/xhtml1-transitional.dtd">
<html xmlns="http://www.w3.org/1999/xhtml" xml:lang="en" lang="en">
 <head>
  <title>
</title>
<meta http-equiv="Content-Type" content="text/html;charset=utf-8" />
  <meta name='ocr-system' content='tesseract 3.04.00' />
  <meta name='ocr-capabilities' content='ocr_page ocr_carea ocr_par ocr_line ocrx_word'/>
</head>
<body>
  <div class='ocr_page' id='page_1' title='image "./detibulliamorib01doncgoog_0057.png"; bbox 0 0 2766 4950; ppageno 0'>
   <div class='ocr_carea' id='block_1_1' title="bbox 632 410 945 521">
    <p class='ocr_par' dir='ltr' id='par_1_1' title="bbox 632 410 945 521">
     <span class='ocr_line' id='line_1_1' title="bbox 632 410 945 521; baseline 0.029 -9"><span class='ocrx_word' id='word_1_1' title='bbox 632 410 945 521; x_wconf 70' lang='lat' dir='ltr'>&#39;-3a-.</span> 
     </span>
    </p>
   </div>
   <div class='ocr_carea' id='block_1_2' title="bbox 272 584 1321 694">
    <p class='ocr_par' dir='ltr' id='par_1_2' title="bbox 272 584 1321 694">
     <span class='ocr_line' id='line_1_2' title="bbox 272 584 1321 694; baseline -0.006 -32"><span class='ocrx_word' id='word_1_2' title='bbox 272 587 357 693; x_wconf 72' lang='grc' dir='ltr'>ιΤο11</span> <span class='ocrx_word' id='word_1_3' title='bbox 374 600 497 665; x_wconf 89' lang='lat' dir='ltr'>autem</span> <span class='ocrx_word' id='word_1_4' title='bbox 516 590 670 694; x_wconf 79' lang='lat' dir='ltr'><strong>carmini</strong></span> <span class='ocrx_word' id='word_1_5' title='bbox 699 590 833 664; x_wconf 90' lang='lat' dir='ltr'>titulus</span> <span class='ocrx_word' id='word_1_6' title='bbox 858 590 999 688; x_wconf 94' lang='lat' dir='ltr'>imponi</span> <span class='ocrx_word' id='word_1_7' title='bbox 1015 591 1152 688; x_wconf 81' lang='lat' dir='ltr'>possit:</span> <span class='ocrx_word' id='word_1_8' title='bbox 1177 589 1216 660; x_wconf 90' lang='lat' dir='ltr'>in</span> <span class='ocrx_word' id='word_1_9' title='bbox 1233 584 1321 659; x_wconf 90' lang='lat' dir='ltr'>Bel-</span> 
     </span>
    </p>
   </div>
   <div class='ocr_carea' id='block_1_3' title="bbox 270 720 1326 2832">
    <p class='ocr_par' dir='ltr' id='par_1_3' title="bbox 270 720 1326 2832">
     <span class='ocr_line' id='line_1_3' title="bbox 270 720 1319 820; baseline 0 -27"><span class='ocrx_word' id='word_1_10' title='bbox 270 720 350 794; x_wconf 93' lang='lat' dir='ltr'>lum</span> <span class='ocrx_word' id='word_1_11' title='bbox 373 723 459 796; x_wconf 81' lang='lat' dir='ltr'>dirae</span> <span class='ocrx_word' id='word_1_12' title='bbox 487 724 546 797; x_wconf 88' lang='lat' dir='ltr'>vel</span> <span class='ocrx_word' id='word_1_13' title='bbox 570 723 676 798; x_wconf 82' lang='lat' dir='ltr'>Pa‘eis</span> <span class='ocrx_word' id='word_1_14' title='bbox 700 723 836 818; x_wconf 80' lang='lat' dir='ltr'>laudea,</span> <span class='ocrx_word' id='word_1_15' title='bbox 858 723 958 797; x_wconf 88' lang='lat' dir='ltr'>illius</span> <span class='ocrx_word' id='word_1_16' title='bbox 983 724 1180 798; x_wconf 82' lang='lat' dir='ltr'><strong>dumtaxat</strong></span> <span class='ocrx_word' id='word_1_17' title='bbox 1205 720 1319 820; x_wconf 77' lang='lat' dir='ltr'>paule,</span> 
     </span>
     <span class='ocr_line' id='line_1_4' title="bbox 273 857 1321 956; baseline -0.001 -28"><span class='ocrx_word' id='word_1_18' title='bbox 273 881 417 954; x_wconf 88' lang='lat' dir='ltr'>quama</span> <span class='ocrx_word' id='word_1_19' title='bbox 433 858 605 956; x_wconf 89' lang='lat' dir='ltr'>pastorali</span> <span class='ocrx_word' id='word_1_20' title='bbox 618 858 823 956; x_wconf 75' lang='lat' dir='ltr'>agrestique</span> <span class='ocrx_word' id='word_1_21' title='bbox 840 857 1108 956; x_wconf 79' lang='lat' dir='ltr'>tranquillitate</span> <span class='ocrx_word' id='word_1_22' title='bbox 1127 879 1321 954; x_wconf 91' lang='lat' dir='ltr'>nunquam</span> 
     </span>
     <span class='ocr_line' id='line_1_5' title="bbox 277 989 1323 1092; baseline -0.001 -28"><span class='ocrx_word' id='word_1_23' title='bbox 277 990 446 1066; x_wconf 81' lang='lat' dir='ltr'>Tibullus</span> <span class='ocrx_word' id='word_1_24' title='bbox 460 993 643 1092; x_wconf 84' lang='lat' dir='ltr'>sejungat.</span> <span class='ocrx_word' id='word_1_25' title='bbox 661 991 863 1067; x_wconf 87' lang='lat' dir='ltr'>Exseorato</span> <span class='ocrx_word' id='word_1_26' title='bbox 877 992 1038 1091; x_wconf 90' lang='lat' dir='ltr'>primum</span> <span class='ocrx_word' id='word_1_27' title='bbox 1052 991 1149 1066; x_wconf 93' lang='lat' dir='ltr'>bello</span> <span class='ocrx_word' id='word_1_28' title='bbox 1164 989 1323 1088; x_wconf 91' lang='lat' dir='ltr'>bellique</span> 
     </span>
     <span class='ocr_line' id='line_1_6' title="bbox 278 1123 1323 1223; baseline -0.004 -24"><span class='ocrx_word' id='word_1_29' title='bbox 278 1150 385 1200; x_wconf 84' lang='lat' dir='ltr'>eausa</span> <span class='ocrx_word' id='word_1_30' title='bbox 402 1127 563 1219; x_wconf 88' lang='lat' dir='ltr'>avaritia,</span> <span class='ocrx_word' id='word_1_31' title='bbox 586 1125 712 1201; x_wconf 90' lang='lat' dir='ltr'>statim</span> <span class='ocrx_word' id='word_1_32' title='bbox 739 1136 865 1200; x_wconf 89' lang='lat' dir='ltr'>eontra</span> <span class='ocrx_word' id='word_1_33' title='bbox 897 1126 1048 1223; x_wconf 90' lang='lat' dir='ltr'>ponitur</span> <span class='ocrx_word' id='word_1_34' title='bbox 1071 1124 1217 1198; x_wconf 76' lang='lat' dir='ltr'>rustica</span> <span class='ocrx_word' id='word_1_35' title='bbox 1235 1123 1323 1197; x_wconf 80' lang='lat' dir='ltr'>vita</span> 
     </span>
     <span class='ocr_line' id='line_1_7' title="bbox 276 1256 1324 1357; baseline -0.004 -26"><span class='ocrx_word' id='word_1_36' title='bbox 276 1258 415 1356; x_wconf 83' lang='lat' dir='ltr'>poetice</span> <span class='ocrx_word' id='word_1_37' title='bbox 444 1259 624 1357; x_wconf 84' lang='lat' dir='ltr'>descripta</span> <span class='ocrx_word' id='word_1_38' title='bbox 659 1258 832 1351; x_wconf 82' lang='lat' dir='ltr'>felicitas3</span> <span class='ocrx_word' id='word_1_39' title='bbox 870 1259 933 1332; x_wconf 89' lang='lat' dir='ltr'>sed</span> <span class='ocrx_word' id='word_1_40' title='bbox 964 1258 1195 1356; x_wconf 85' lang='lat' dir='ltr'>phantasiam</span> <span class='ocrx_word' id='word_1_41' title='bbox 1221 1256 1324 1353; x_wconf 91' lang='lat' dir='ltr'>puris</span> 
     </span>
     <span class='ocr_line' id='line_1_8' title="bbox 275 1392 1325 1492; baseline -0.002 -26"><span class='ocrx_word' id='word_1_42' title='bbox 275 1392 420 1492; x_wconf 85' lang='lat' dir='ltr'>gaudiis</span> <span class='ocrx_word' id='word_1_43' title='bbox 433 1393 688 1492; x_wconf 87' lang='lat' dir='ltr'>indulgentem</span> <span class='ocrx_word' id='word_1_44' title='bbox 702 1403 876 1491; x_wconf 86' lang='lat' dir='ltr'>pungunt</span> <span class='ocrx_word' id='word_1_45' title='bbox 889 1392 1090 1467; x_wconf 84' lang='lat' dir='ltr'>identidem</span> <span class='ocrx_word' id='word_1_46' title='bbox 1107 1402 1325 1490; x_wconf 82' lang='lat' dir='ltr'>anguntque</span> 
     </span>
     <span class='ocr_line' id='line_1_9' title="bbox 275 1525 1325 1627; baseline -0.003 -27"><span class='ocrx_word' id='word_1_47' title='bbox 275 1526 412 1601; x_wconf 85' lang='lat' dir='ltr'>bellicae</span> <span class='ocrx_word' id='word_1_48' title='bbox 426 1527 624 1627; x_wconf 81' lang='lat' dir='ltr'>imagines3</span> <span class='ocrx_word' id='word_1_49' title='bbox 637 1552 737 1601; x_wconf 89' lang='lat' dir='ltr'>nunc</span> <span class='ocrx_word' id='word_1_50' title='bbox 750 1527 849 1602; x_wconf 89' lang='lat' dir='ltr'>tubae</span> <span class='ocrx_word' id='word_1_51' title='bbox 860 1526 1011 1626; x_wconf 87' lang='lat' dir='ltr'>clangor</span> <span class='ocrx_word' id='word_1_52' title='bbox 1029 1526 1161 1618; x_wconf 90' lang='lat' dir='ltr'>audiri,</span> <span class='ocrx_word' id='word_1_53' title='bbox 1176 1525 1325 1599; x_wconf 87' lang='lat' dir='ltr'>hostilia</span> 
     </span>
     <span class='ocr_line' id='line_1_10' title="bbox 275 1661 1323 1760; baseline -0.003 -24"><span class='ocrx_word' id='word_1_54' title='bbox 275 1663 374 1736; x_wconf 84' lang='lat' dir='ltr'>cerni</span> <span class='ocrx_word' id='word_1_55' title='bbox 386 1661 471 1748; x_wconf 88' lang='lat' dir='ltr'>tela,</span> <span class='ocrx_word' id='word_1_56' title='bbox 488 1688 589 1736; x_wconf 89' lang='lat' dir='ltr'>nunc</span> <span class='ocrx_word' id='word_1_57' title='bbox 603 1671 770 1760; x_wconf 88' lang='lat' dir='ltr'>prompta</span> <span class='ocrx_word' id='word_1_58' title='bbox 795 1687 869 1736; x_wconf 82' lang='lat' dir='ltr'>nex</span> <span class='ocrx_word' id='word_1_59' title='bbox 894 1661 1027 1760; x_wconf 86' lang='lat' dir='ltr'>paveri,</span> <span class='ocrx_word' id='word_1_60' title='bbox 1050 1661 1201 1735; x_wconf 84' lang='lat' dir='ltr'>infernae</span> <span class='ocrx_word' id='word_1_61' title='bbox 1223 1669 1323 1734; x_wconf 90' lang='lat' dir='ltr'>tene·</span> 
     </span>
     <span class='ocr_line' id='line_1_11' title="bbox 273 1794 1320 1896; baseline -0.003 -26"><span class='ocrx_word' id='word_1_62' title='bbox 273 1797 358 1890; x_wconf 84' lang='lat' dir='ltr'>brae,</span> <span class='ocrx_word' id='word_1_63' title='bbox 390 1795 519 1896; x_wconf 86' lang='lat' dir='ltr'>Stygia</span> <span class='ocrx_word' id='word_1_64' title='bbox 541 1807 681 1896; x_wconf 82' lang='lat' dir='ltr'>stagna,</span> <span class='ocrx_word' id='word_1_65' title='bbox 708 1795 845 1894; x_wconf 90' lang='lat' dir='ltr'>pallida</span> <span class='ocrx_word' id='word_1_66' title='bbox 880 1796 1160 1871; x_wconf 84' lang='lat' dir='ltr'>simulacrorum</span> <span class='ocrx_word' id='word_1_67' title='bbox 1187 1794 1320 1887; x_wconf 83' lang='lat' dir='ltr'>turba3</span> 
     </span>
     <span class='ocr_line' id='line_1_12' title="bbox 274 1929 1325 2029; baseline -0.002 -25"><span class='ocrx_word' id='word_1_68' title='bbox 274 1931 388 2006; x_wconf 87' lang='lat' dir='ltr'>donee</span> <span class='ocrx_word' id='word_1_69' title='bbox 416 1930 497 2005; x_wconf 86' lang='lat' dir='ltr'>Pax</span> <span class='ocrx_word' id='word_1_70' title='bbox 530 1931 625 2005; x_wconf 90' lang='lat' dir='ltr'>alma</span> <span class='ocrx_word' id='word_1_71' title='bbox 647 1931 725 2005; x_wconf 90' lang='lat' dir='ltr'>risu</span> <span class='ocrx_word' id='word_1_72' title='bbox 754 1932 877 2005; x_wconf 91' lang='lat' dir='ltr'>omnia</span> <span class='ocrx_word' id='word_1_73' title='bbox 905 1941 1059 2016; x_wconf 88' lang='lat' dir='ltr'>serenat,</span> <span class='ocrx_word' id='word_1_74' title='bbox 1098 1929 1325 2029; x_wconf 87' lang='lat' dir='ltr'>quiescitque</span> 
     </span>
     <span class='ocr_line' id='line_1_13' title="bbox 276 2063 1325 2165; baseline -0.005 -25"><span class='ocrx_word' id='word_1_75' title='bbox 276 2076 391 2165; x_wconf 88' lang='lat' dir='ltr'>poetae</span> <span class='ocrx_word' id='word_1_76' title='bbox 402 2092 506 2141; x_wconf 89' lang='lat' dir='ltr'>mens</span> <span class='ocrx_word' id='word_1_77' title='bbox 518 2066 558 2139; x_wconf 91' lang='lat' dir='ltr'>in</span> <span class='ocrx_word' id='word_1_78' title='bbox 572 2065 713 2141; x_wconf 87' lang='lat' dir='ltr'>ludicro</span> <span class='ocrx_word' id='word_1_79' title='bbox 725 2064 869 2164; x_wconf 88' lang='lat' dir='ltr'>idyllio,</span> <span class='ocrx_word' id='word_1_80' title='bbox 886 2065 984 2140; x_wconf 89' lang='lat' dir='ltr'>unde</span> <span class='ocrx_word' id='word_1_81' title='bbox 996 2075 1119 2140; x_wconf 87' lang='lat' dir='ltr'>tamen</span> <span class='ocrx_word' id='word_1_82' title='bbox 1134 2063 1228 2138; x_wconf 91' lang='lat' dir='ltr'>bella</span> <span class='ocrx_word' id='word_1_83' title='bbox 1248 2088 1325 2137; x_wconf 93' lang='lat' dir='ltr'>non</span> 
     </span>
     <span class='ocr_line' id='line_1_14' title="bbox 276 2197 1325 2299; baseline -0.004 -24"><span class='ocrx_word' id='word_1_84' title='bbox 276 2200 424 2290; x_wconf 86' lang='lat' dir='ltr'>absunt,</span> <span class='ocrx_word' id='word_1_85' title='bbox 436 2211 473 2275; x_wconf 88' lang='lat' dir='ltr'>at</span> <span class='ocrx_word' id='word_1_86' title='bbox 487 2200 607 2299; x_wconf 91' lang='lat' dir='ltr'>qualia</span> <span class='ocrx_word' id='word_1_87' title='bbox 621 2199 716 2274; x_wconf 90' lang='lat' dir='ltr'>bella</span> <span class='ocrx_word' id='word_1_88' title='bbox 731 2199 881 2274; x_wconf 91' lang='lat' dir='ltr'>minime</span> <span class='ocrx_word' id='word_1_89' title='bbox 896 2197 1055 2289; x_wconf 87' lang='lat' dir='ltr'>Mavors,</span> <span class='ocrx_word' id='word_1_90' title='bbox 1075 2199 1143 2273; x_wconf 91' lang='lat' dir='ltr'>soli</span> <span class='ocrx_word' id='word_1_91' title='bbox 1156 2198 1325 2271; x_wconf 84' lang='lat' dir='ltr'>Bacchus</span> 
     </span>
     <span class='ocr_line' id='line_1_15' title="bbox 276 2330 1324 2433; baseline -0.002 -25"><span class='ocrx_word' id='word_1_92' title='bbox 276 2330 476 2433; x_wconf 83' lang='lat' dir='ltr'>Venusque</span> <span class='ocrx_word' id='word_1_93' title='bbox 488 2335 646 2427; x_wconf 86' lang='lat' dir='ltr'>foveant,</span> <span class='ocrx_word' id='word_1_94' title='bbox 665 2334 786 2432; x_wconf 88' lang='lat' dir='ltr'>qualia</span> <span class='ocrx_word' id='word_1_95' title='bbox 796 2344 880 2431; x_wconf 92' lang='lat' dir='ltr'>post</span> <span class='ocrx_word' id='word_1_96' title='bbox 899 2333 1056 2431; x_wconf 87' lang='lat' dir='ltr'>agrestia</span> <span class='ocrx_word' id='word_1_97' title='bbox 1082 2333 1174 2407; x_wconf 84' lang='lat' dir='ltr'>festa</span> <span class='ocrx_word' id='word_1_98' title='bbox 1193 2332 1324 2406; x_wconf 90' lang='lat' dir='ltr'>saevire</span> 
     </span>
     <span class='ocr_line' id='line_1_16' title="bbox 277 2466 1325 2567; baseline -0.002 -25"><span class='ocrx_word' id='word_1_99' title='bbox 277 2469 417 2543; x_wconf 88' lang='lat' dir='ltr'>soleant</span> <span class='ocrx_word' id='word_1_100' title='bbox 426 2468 464 2541; x_wconf 91' lang='lat' dir='ltr'>in</span> <span class='ocrx_word' id='word_1_101' title='bbox 474 2494 701 2567; x_wconf 84' lang='lat' dir='ltr'>paganorum</span> <span class='ocrx_word' id='word_1_102' title='bbox 715 2469 818 2542; x_wconf 86' lang='lat' dir='ltr'>casis.</span> <span class='ocrx_word' id='word_1_103' title='bbox 833 2467 1022 2554; x_wconf 77' lang='lat' dir='ltr'>Rusticus,</span> <span class='ocrx_word' id='word_1_104' title='bbox 1033 2493 1052 2542; x_wconf 93' lang='lat' dir='ltr'>e</span> <span class='ocrx_word' id='word_1_105' title='bbox 1064 2466 1147 2541; x_wconf 89' lang='lat' dir='ltr'>luco</span> <span class='ocrx_word' id='word_1_106' title='bbox 1154 2492 1325 2540; x_wconf 89' lang='lat' dir='ltr'>reversus</span> 
     </span>
     <span class='ocr_line' id='line_1_17' title="bbox 277 2599 1326 2702; baseline -0.002 -26"><span class='ocrx_word' id='word_1_107' title='bbox 277 2628 447 2702; x_wconf 87' lang='lat' dir='ltr'>meroque</span> <span class='ocrx_word' id='word_1_108' title='bbox 459 2603 624 2696; x_wconf 84' lang='lat' dir='ltr'>madens,</span> <span class='ocrx_word' id='word_1_109' title='bbox 641 2602 762 2676; x_wconf 87' lang='lat' dir='ltr'>rixam</span> <span class='ocrx_word' id='word_1_110' title='bbox 776 2628 860 2675; x_wconf 91' lang='lat' dir='ltr'>eum</span> <span class='ocrx_word' id='word_1_111' title='bbox 887 2627 1003 2676; x_wconf 90' lang='lat' dir='ltr'>uxore</span> <span class='ocrx_word' id='word_1_112' title='bbox 1024 2601 1152 2676; x_wconf 90' lang='lat' dir='ltr'>inserit</span> <span class='ocrx_word' id='word_1_113' title='bbox 1172 2630 1180 2675; x_wconf 74' lang='grc' dir='ltr'><strong>ι</strong></span> <span class='ocrx_word' id='word_1_114' title='bbox 1200 2599 1326 2675; x_wconf 88' lang='lat' dir='ltr'>convi-</span> 
     </span>
     <span class='ocr_line' id='line_1_18' title="bbox 278 2736 862 2832; baseline -0.005 -21"><span class='ocrx_word' id='word_1_115' title='bbox 278 2737 342 2831; x_wconf 84' lang='lat' dir='ltr'>cia,</span> <span class='ocrx_word' id='word_1_116' title='bbox 357 2738 506 2812; x_wconf 87' lang='lat' dir='ltr'>verbera</span> <span class='ocrx_word' id='word_1_117' title='bbox 521 2738 690 2813; x_wconf 88' lang='lat' dir='ltr'>oriuntur</span> <span class='ocrx_word' id='word_1_118' title='bbox 703 2767 713 2832; x_wconf 80' lang='lat'>3</span> <span class='ocrx_word' id='word_1_119' title='bbox 729 2736 862 2811; x_wconf 87' lang='lat' dir='ltr'>femina</span> 
     </span>
    </p>
   </div>
   <div class='ocr_carea' id='block_1_4' title="bbox 357 2938 1093 3120">
    <p class='ocr_par' dir='ltr' id='par_1_4' title="bbox 357 2938 1093 3120">
     <span class='ocr_line' id='line_1_19' title="bbox 357 2938 1093 3022; baseline -0.005 -18"><span class='ocrx_word' id='word_1_120' title='bbox 357 2942 425 3005; x_wconf 85' lang='lat' dir='ltr'>Flet</span> <span class='ocrx_word' id='word_1_121' title='bbox 439 2948 553 3004; x_wconf 87' lang='lat' dir='ltr'>teneras</span> <span class='ocrx_word' id='word_1_122' title='bbox 567 2942 690 3004; x_wconf 85' lang='lat' dir='ltr'>subtusa</span> <span class='ocrx_word' id='word_1_123' title='bbox 704 2960 804 3022; x_wconf 84' lang='lat' dir='ltr'>genas,</span> <span class='ocrx_word' id='word_1_124' title='bbox 819 2939 870 3002; x_wconf 89' lang='lat' dir='ltr'>sed</span> <span class='ocrx_word' id='word_1_125' title='bbox 882 2940 979 3003; x_wconf 82' lang='lat' dir='ltr'>vietor.</span> <span class='ocrx_word' id='word_1_126' title='bbox 991 2944 1020 3000; x_wconf 87' lang='lat' dir='ltr'>et</span> <span class='ocrx_word' id='word_1_127' title='bbox 1030 2938 1093 3020; x_wconf 88' lang='lat' dir='ltr'>ipse</span> 
     </span>
     <span class='ocr_line' id='line_1_20' title="bbox 421 3057 1067 3120; baseline -0.003 0"><span class='ocrx_word' id='word_1_128' title='bbox 421 3059 487 3120; x_wconf 84' lang='lat' dir='ltr'>Flet</span> <span class='ocrx_word' id='word_1_129' title='bbox 502 3058 559 3120; x_wconf 91' lang='lat' dir='ltr'>sibi</span> <span class='ocrx_word' id='word_1_130' title='bbox 572 3058 724 3120; x_wconf 89' lang='lat' dir='ltr'>dementes</span> <span class='ocrx_word' id='word_1_131' title='bbox 736 3063 798 3120; x_wconf 86' lang='lat' dir='ltr'>tam</span> <span class='ocrx_word' id='word_1_132' title='bbox 808 3057 936 3120; x_wconf 87' lang='lat' dir='ltr'>valuisse</span> <span class='ocrx_word' id='word_1_133' title='bbox 949 3074 1067 3118; x_wconf 88' lang='lat' dir='ltr'>manus.</span> 
     </span>
    </p>
   </div>
   <div class='ocr_carea' id='block_1_5' title="bbox 282 3270 1320 3482">
    <p class='ocr_par' dir='ltr' id='par_1_5' title="bbox 282 3270 1320 3482">
     <span class='ocr_line' id='line_1_21' title="bbox 283 3270 1320 3370; baseline -0.004 -24"><span class='ocrx_word' id='word_1_134' title='bbox 283 3272 404 3359; x_wconf 81' lang='lat' dir='ltr'>Unde,</span> <span class='ocrx_word' id='word_1_135' title='bbox 419 3274 464 3349; x_wconf 92' lang='lat' dir='ltr'>ad</span> <span class='ocrx_word' id='word_1_136' title='bbox 486 3299 645 3349; x_wconf 90' lang='lat' dir='ltr'>amorem</span> <span class='ocrx_word' id='word_1_137' title='bbox 663 3272 784 3347; x_wconf 88' lang='lat' dir='ltr'>flexus</span> <span class='ocrx_word' id='word_1_138' title='bbox 814 3283 929 3369; x_wconf 88' lang='lat' dir='ltr'>poeta,</span> <span class='ocrx_word' id='word_1_139' title='bbox 947 3282 1075 3370; x_wconf 90' lang='lat' dir='ltr'>suapte</span> <span class='ocrx_word' id='word_1_140' title='bbox 1098 3279 1187 3345; x_wconf 86' lang='lat' dir='ltr'>vota</span> <span class='ocrx_word' id='word_1_141' title='bbox 1207 3270 1320 3368; x_wconf 89' lang='lat' dir='ltr'>profi-</span> 
     </span>
     <span class='ocr_line' id='line_1_22' title="bbox 282 3418 403 3482; baseline 0.008 -1"><span class='ocrx_word' id='word_1_142' title='bbox 282 3418 381 3481; x_wconf 87' lang='lat' dir='ltr'>tetur</span> <span class='ocrx_word' id='word_1_143' title='bbox 395 3437 403 3482; x_wconf 94' lang='lat'><strong>:</strong></span> 
     </span>
    </p>
   </div>
   <div class='ocr_carea' id='block_1_6' title="bbox 364 3592 1017 3790">
    <p class='ocr_par' dir='ltr' id='par_1_6' title="bbox 364 3592 1017 3790">
     <span class='ocr_line' id='line_1_23' title="bbox 364 3592 1017 3669; baseline -0.005 -13"><span class='ocrx_word' id='word_1_144' title='bbox 364 3641 702 3656; x_wconf 90' lang='lat'>...........</span> <span class='ocrx_word' id='word_1_145' title='bbox 727 3593 839 3669; x_wconf 79' lang='lat' dir='ltr'>Quater</span> <span class='ocrx_word' id='word_1_146' title='bbox 852 3592 901 3654; x_wconf 88' lang='lat' dir='ltr'>ille</span> <span class='ocrx_word' id='word_1_147' title='bbox 912 3593 1017 3654; x_wconf 86' lang='lat' dir='ltr'>beatus</span> 
     </span>
     <span class='ocr_line' id='line_1_24' title="bbox 421 3708 1011 3790; baseline -0.007 -18"><span class='ocrx_word' id='word_1_148' title='bbox 421 3712 486 3789; x_wconf 81' lang='lat' dir='ltr'>Quo</span> <span class='ocrx_word' id='word_1_149' title='bbox 496 3716 598 3773; x_wconf 86' lang='lat' dir='ltr'>tenera</span> <span class='ocrx_word' id='word_1_150' title='bbox 611 3711 689 3773; x_wconf 82' lang='lat' dir='ltr'>irato</span> <span class='ocrx_word' id='word_1_151' title='bbox 703 3711 772 3773; x_wconf 87' lang='lat' dir='ltr'>flere</span> <span class='ocrx_word' id='word_1_152' title='bbox 786 3708 884 3790; x_wconf 86' lang='lat' dir='ltr'>puella</span> <span class='ocrx_word' id='word_1_153' title='bbox 896 3711 1011 3790; x_wconf 83' lang='lat' dir='ltr'>potest!</span> 
     </span>
    </p>
   </div>
   <div class='ocr_carea' id='block_1_7' title="bbox 282 3939 1323 4174">
    <p class='ocr_par' dir='ltr' id='par_1_7' title="bbox 282 3939 1323 4174">
     <span class='ocr_line' id='line_1_25' title="bbox 282 3939 1322 4039; baseline -0.007 -23"><span class='ocrx_word' id='word_1_154' title='bbox 282 3952 318 4016; x_wconf 86' lang='lat' dir='ltr'>et</span> <span class='ocrx_word' id='word_1_155' title='bbox 336 3941 409 4016; x_wconf 90' lang='lat' dir='ltr'>leni</span> <span class='ocrx_word' id='word_1_156' title='bbox 422 3943 488 4017; x_wconf 89' lang='lat' dir='ltr'>hae</span> <span class='ocrx_word' id='word_1_157' title='bbox 507 3941 776 4039; x_wconf 77' lang='lat' dir='ltr'>exolamatione</span> <span class='ocrx_word' id='word_1_158' title='bbox 799 3949 900 4014; x_wconf 89' lang='lat' dir='ltr'>totus</span> <span class='ocrx_word' id='word_1_159' title='bbox 919 3942 998 4038; x_wconf 89' lang='lat' dir='ltr'>jam</span> <span class='ocrx_word' id='word_1_160' title='bbox 1021 3939 1129 4015; x_wconf 88' lang='lat' dir='ltr'>nobis</span> <span class='ocrx_word' id='word_1_161' title='bbox 1147 3948 1322 4036; x_wconf 91' lang='lat' dir='ltr'>apparet:</span> 
     </span>
     <span class='ocr_line' id='line_1_26' title="bbox 284 4074 1323 4174; baseline -0.006 -26"><span class='ocrx_word' id='word_1_162' title='bbox 284 4086 326 4149; x_wconf 90' lang='lat' dir='ltr'>ut</span> <span class='ocrx_word' id='word_1_163' title='bbox 350 4076 447 4151; x_wconf 89' lang='lat' dir='ltr'>enim</span> <span class='ocrx_word' id='word_1_164' title='bbox 470 4077 565 4150; x_wconf 91' lang='lat' dir='ltr'>ruris</span> <span class='ocrx_word' id='word_1_165' title='bbox 590 4075 746 4169; x_wconf 84' lang='lat' dir='ltr'>dileetio,</span> <span class='ocrx_word' id='word_1_166' title='bbox 772 4100 907 4174; x_wconf 81' lang='lat' dir='ltr'>magna</span> <span class='ocrx_word' id='word_1_167' title='bbox 934 4074 1152 4149; x_wconf 82' lang='lat' dir='ltr'>Tibullianae</span> <span class='ocrx_word' id='word_1_168' title='bbox 1176 4095 1323 4170; x_wconf 88' lang='lat' dir='ltr'>poeseos</span> 
     </span>
    </p>
   </div>
   <div class='ocr_carea' id='block_1_8' title="bbox 0 0 1392 4950">
    <p class='ocr_par' dir='ltr' id='par_1_8' title="bbox 0 0 1392 4950">
     <span class='ocr_line' id='line_1_27' title="bbox 0 0 1392 4950; baseline 0 0"><span class='ocrx_word' id='word_1_169' title='bbox 0 0 1392 4950; x_wconf 95' lang='lat' dir='ltr'> </span> 
     </span>
    </p>
   </div>
  </div>
 </body>
</html>
