2766 4950
596 493 649 503 ....
671 455 716 520 59
743 493 790 505 ...

162 595 218 698 sic
231 596 305 670 fere
319 597 544 695 illustrat,ut'
553 626 745 699 nunquam
749 599 971 692 ,dramatico
988 598 1076 686 ritu,
1086 598 1218 672 violen-

161 719 312 806 tissima
343 744 497 832 quaeque
532 760 702 810 amorum
741 743 930 808 momenta
956 732 1064 806 nobis
1104 743 1224 830 ponat

164 875 256 939 ante
269 865 484 957 oculos-sed
500 868 756 968 tranquilliora
779 879 929 942 tantum
947 865 1161 959 intervalla3
1176 878 1220 942 ut

164 982 294 1098 magis
322 1001 471 1112 habitus
494 1004 621 1082 ,animi
647 1003 843 1078 diuturnos
875 1027 986 1101 quam
1010 1002 1220 1100 repentinos

165 1144 296 1232 motus
324 1135 528 1211 adumbret.
551 1135 590 1212 Si
621 1137 720 1211 enim
747 1163 805 1210 res
829 1148 999 1235 ageretur
1020 1135 1060 1208 in
1093 1133 1226 1211 scaonis,
1333 1222 1337 1230 Ι

166 1293 273 1343 nunc
283 1294 408 1343 amans
423 1270 658 1345 induceretur
670 1271 790 1368 primo
802 1271 926 1344 amicae
940 1270 1075 1344 obtutu
1093 1281 1221 1368 captus

167 1393 232 1478 vel
246 1403 366 1502 primo
381 1371 563 1504 colloquio
583 1405 721 1496 fruens,
744 1430 846 1478 nunc
867 1429 952 1479 eum
976 1401 1222 1501 spectaremus

157 1538 297 1612 >subita
316 1538 479 1613 mulieris
492 1539 645 1637 perfidia
665 1538 877 1636 perculsum
900 1529 1102 1638 mediisque
1128 1539 1222 1613 zelo-

171 1669 287 1767 typiae
315 1669 498 1743 furoribus
529 1670 770 1764 implicitum,'
788 1696 889 1744 nunc
919 1670 991 1768 ipsi
1032 1679 1223 1744 amantum

174 1778 328 1876 discidio
350 1802 409 1877 vel
435 1805 506 1901 ipsi
534 1805 662 1904 gratiae
677 1805 965 1879 reconciliationi
985 1803 1221 1880 adessemus:

178 1936 347 2011 Tibullus
364 1948 491 2012 contra
502 1964 586 2011 cum
600 1939 783 2037 praecipua
793 1937 856 2010 illa
864 1936 997 2011 amoris
1013 1937 1225 2010 discrimina

177 2095 252 2144 non
265 2071 338 2156 nisi
360 2071 507 2170 oblique
526 2072 698 2170 attingat,
723 2073 762 2144 in
780 2072 1007 2169 temporibus
1031 2071 1141 2170 paulo
1166 2070 1226 2145 vel

179 2205 404 2279 citerioribus
440 2206 500 2280 vel
537 2206 773 2281 ulterioribus
798 2207 1048 2280 immoratur:
1081 2205 1134 2278 ita
1155 2204 1226 2278 fert

178 2339 269 2414 lenis
294 2351 479 2440 tenerque
499 2341 654 2434 animus,
679 2342 770 2416 mire
802 2341 966 2448 cupidini
996 2337 1168 2432 idoneus*
1193 2339 1227 2413 ei

177 2500 264 2549 vero
302 2475 468 2574 cupidini
506 2475 588 2575 quac
619 2476 729 2550 altior
765 2468 938 2574 perduret
977 2477 1089 2572 quam
1116 2472 1222 2547 vehe-

179 2608 336 2683 mentior
348 2619 528 2708 erumpat.

227 2741 344 2816 Porro
385 2744 576 2842 anquirere
603 2719 728 2845 potest*
753 2742 884 2841 aliquis
920 2742 1010 2840 quid
1048 2738 1095 2815 sit
1132 2741 1224 2832 ficti,

179 2875 267 2974 quid
300 2876 379 2951 vcri
406 2878 445 2950 in
470 2877 528 2951 his
548 2876 665 2954 Deliae
699 2877 897 2970 amoribus.
936 2876 1115 2973 Pleraque
1145 2899 1226 2972 pro·

181 3010 239 3082 cul
266 3010 379 3085 dubio
406 3011 482 3086 sive
519 3022 626 3108 poeta
653 3022 778 3086 narrat
803 3037 885 3109 quac
918 3008 1120 3100 evenerint,
1152 3009 1228 3082 sive

180 3170 260 3242 quae
302 3145 456 3220 senserit
491 3146 665 3243 explicat,
706 3146 869 3245 genuino
907 3143 1073 3219 veritatis
1111 3142 1229 3216 colore

179 3278 299 3353 nitent
327 3280 397 3354 ctsi
436 3280 617 3354 nonnulla
654 3279 802 3378 quidem
842 3289 940 3371 sunt,
969 3276 1072 3352 velut
1099 3302 1229 3350 versus

179 3413 222 3488 de
245 3415 360 3511 janua
394 3413 452 3514 (el.
479 3414 512 3507 I,
548 3415 596 3512 2),
640 3415 685 3489 de
721 3415 873 3514 magicis
918 3440 1014 3512 sagae
1056 3412 1229 3510 operibus
1312 3461 1314 3467 .

180 3547 315 3646 (ibid),
358 3547 402 3621 de
438 3547 628 3621 fraudibus
671 3547 858 3621 amatoriis
900 3547 1034 3645 quibus
1069 3570 1230 3643 praesens

176 3681 234 3756 vir
261 3681 410 3754 fallatur
437 3678 494 3780 (el.
527 3680 556 3773 I,
587 3683 637 3776 6),
654 3681 699 3754 de
727 3680 890 3754 Bellona
912 3678 1109 3754 sacerdotis
1133 3678 1230 3755 vati-

181 3813 276 3888 cinio
304 3813 432 3910 (ibid),
459 3813 523 3887 ubi
552 3839 728 3912 agnoscas
759 3812 843 3910 plus
872 3823 987 3886 artem
1017 3838 1128 3910 quam
1155 3836 1233 3884 rem

184 3947 464 4046 suppeditasse:
487 3948 577 4046 quin
604 3947 725 4040 ctiam,
756 3948 788 4020 si
813 3947 904 4021 forte
927 3947 1033 4020 nobis
1054 3947 1093 4017 in
1117 3944 1232 4017 mani·

185 4084 254 4156 bus
275 4096 396 4185 csscnt
417 4083 756 4156 Alexandrinorum
778 4082 998 4178 scriptorum
1017 4079 1122 4176 clegi,
1138 4105 1232 4150 com-

1115 4209 1129 4259 5
