2766 4950
720 575 767 591 ...
790 536 837 610 20
861 569 909 591 .-

293 715 334 765 ea
346 712 423 763 non
443 688 657 764 secundum
681 687 779 762 hanc
796 697 1005 762 nostrarum
1021 685 1228 761 litterarum
1242 708 1341 758 vere*

282 823 464 900 ¹cundiam
497 822 673 921 judicare
700 823 826 918 decet3
854 848 983 897 verum
1017 819 1124 895 latini
1164 817 1345 892 sermonis

288 956 458 1032 habenda
473 956 581 1049 ratio,
600 956 665 1055 qui
678 967 768 1031 nota
786 956 954 1031 libertate
969 954 1156 1044 utebatur,
1172 950 1344 1027 habenda

284 1091 399 1166 etiam
417 1089 590 1188 Sulpiciae
603 1116 760 1183 morum,
775 1115 857 1189 quac
885 1088 1007 1188 puella
1037 1087 1128 1163 talia
1147 1086 1230 1184 ipsa
1243 1085 1292 1160 de
1306 1111 1343 1160 se

281 1224 574 1319 'narratutillud
584 1223 916 1300 tacumcoaeubut’ssa
924 1221 1180 1315 illaesis‚credo,
1189 1219 1341 1296 auribus

292 1358 514 1434 toleraverit.
547 1357 733 1450 Ceterum,
763 1359 795 1432 si
821 1356 910 1458 quid
936 1342 1143 1455 portentosi
1169 1353 1345 1429 videatur

291 1493 425 1567 habere
454 1492 531 1566 haec
560 1491 698 1566 Tibulli
724 1491 882 1586 licentia,
903 1517 978 1565 non
1004 1489 1187 1590 perspicio
1214 1514 1344 1588 quam·

281 1610 419 1700 ¹obrem
438 1625 484 1700 ab
502 1625 574 1700 alio
595 1636 716 1724 poeta,
732 1624 791 1700 vel
809 1624 970 1716 seniore,
986 1624 1034 1697 sit
1059 1621 1301 1698 credibilior?

340 1758 582 1859 insequentes
598 1759 742 1859 eleg.l3
758 1770 796 1834 et
811 1763 866 1854 14,
876 1769 1009 1857 praeter
1025 1757 1064 1831 id
1076 1756 1176 1857 quod
1189 1756 1229 1830 in
1239 1756 1287 1833 el.
1300 1759 1345 1831 13

279 1876 462 1967 'Tibullus
481 1920 518 1968 se
532 1894 755 1969 nominatim
777 1893 927 1992 profert,
949 1892 1142 1966 Tibullum
1160 1901 1250 1966 totae
1269 1883 1341 1991 spi·

288 2037 372 2102 rant
396 2052 509 2101 :suus
521 2027 668 2126 utrique
687 2026 789 2125 lepos
804 2026 966 2101 auctoris
984 2024 1164 2120 indicium
1176 2036 1245 2100 est.

276 2147 279 2152 ¹
335 2159 503 2259 Denique
538 2171 737 2260 supersunt
766 2160 841 2235 duo
866 2160 1032 2258 Priapes,
1053 2159 1093 2232 in
1124 2157 1335 2257 Oujaciano,

285 2305 378 2369 teste
412 2293 607 2393 Scaligcro‚
639 2304 793 2388 servata,
826 2294 956 2370 ceteris
981 2295 1022 2368 in
1045 2292 1232 2368 codicibus
1249 2292 1336 2368 defi·

286 2427 431 2518 cientia,
447 2429 582 2528 quippe
606 2455 688 2529 quae
715 2429 912 2504 verisimile
937 2429 986 2502 sit
1013 2427 1213 2503 monachos
1226 2427 1335 2502 libra·

285 2562 357 2636 rios
372 2562 566 2662 depulisse,
584 2563 818 2638 obscenitatis
835 2563 997 2638 materiae
1018 2587 1139 2655 causa,
1165 2586 1184 2636 e
1203 2553 1334 2661 vulga·

284 2695 382 2801 rium
406 2696 587 2772 librorum
622 2698 836 2797 archetypo.
869 2696 960 2773 Haec
989 2708 1114 2772 autem
1144 2695 1334 2795 opuscula,

283 2856 443 2929 quorum
456 2858 575 2906 unum
599 2833 731 2907 iambis
758 2832 938 2931 scriptum
962 2843 1028 2927 est,
1049 2831 1206 2906 alterum
1221 2829 1337 2930 elegis
1372 2929 1379 2938 Ι

282 2963 382 3037 haud
415 2964 628 3041 Tibulliano
667 2967 818 3067 ingenio
853 2967 1012 3060 absonia,
1050 2965 1165 3042 tribui
1205 2976 1337 3040 nostro

277 3109 398 3196 'poetae
421 3099 476 3173 nil
497 3112 612 3177 vetat.

332 3236 390 3312 Ne
421 3235 550 3329 multa,
569 3238 733 3319 continet
759 3236 851 3325 liber
879 3235 964 3312 IV:
991 3240 1033 3323 Ι1ο
1060 3234 1336 3336 Panegyricum

283 3373 417 3449 incerti
431 3372 591 3446 auctoris
608 3371 744 3468 (forsan
760 3370 927 3468 Tibulli).
945 3374 980 3445 2⁰
998 3369 1170 3470 Quinque
1187 3370 1232 3446 de
1249 3371 1335 3450 sul-

285 3509 380 3609 picia
394 3507 485 3607 eleg.
502 3533 524 3581 a
543 3505 693 3580 Tibullo
707 3506 898 3605 profectas.
918 3509 953 3579 3⁰
970 3504 1043 3582 Sex
1055 3505 1100 3579 de
1113 3504 1242 3580 eadem
1263 3505 1338 3606 ipsi

288 3641 458 3741 Sulpiciae
472 3639 698 3716 tribuendas.
713 3644 750 3713 4⁰
761 3638 848 3713 Duo
864 3638 1002 3713 Tibulli
1014 3638 1181 3738 elegidia.
1197 3641 1233 3714 5⁰
1247 3639 1337 3717 Duo

270 3747 449 3873 'ejusdem
467 3775 633 3872 Priapea.
666 3773 792 3865 Porr0‚
809 3775 873 3872 qui
893 3776 938 3849 fit
958 3784 1002 3848 ut
1024 3773 1246 3850 collectanea
1270 3775 1336 3850 illa

285 3910 355 3984 sub
368 3881 509 3982 Tibulli
522 3908 684 4000 nomine,
701 3934 776 3981 una
794 3934 878 3981 cum
905 3934 969 3982 sex
986 3906 1174 4007 Lygdami
1188 3907 1330 4008 elegiis,

282 4042 388 4118 nobis
403 4042 660 4140 pervenerint?
675 4041 747 4117 Hic
766 4042 889 4116 locum
898 4041 1009 4116 habet
1022 4041 1052 4115 F
1054 4042 1198 4117 riderici
1210 4041 1334 4118 Haase

283 4177 476 4271 sententia,
501 4177 638 4275 optime
665 4177 711 4251 ab
730 4177 829 4253 AEm.
846 4175 1021 4251 Baehrens
1043 4176 1226 4275 explicata
1249 4203 1329 4276 per·
