2766 4950
612 427 658 438 —
688 387 733 458 14
761 411 818 441 -’

188 533 391 629 Tibullum,
411 516 523 611 octies
544 536 583 609 in
597 534 722 634 paucis
743 537 929 637 Lygdami
949 539 1116 614 versibus
1137 566 1237 637 repe·

184 667 266 741 rias.
279 667 343 742 Sin
353 667 398 741 ad
414 648 529 740 artem
548 666 782 741 versificandi
794 668 919 742 venias
937 698 946 743 ι
967 694 1103 744 caesura
1118 669 1232 743 hexa-

182 801 303 894 metri,
320 827 431 901 quam
456 799 627 874 Tibullus
656 800 759 874 miris
794 801 915 876 modis
954 804 1096 878 variare
1122 804 1229 888 solet,

181 933 280 1030 apud
293 933 532 1034 Lygdamum
545 933 763 1028 uniformis3
784 936 966 1011 sententia
983 937 1117 1034 saepius
1131 937 1232 1010 ultra

180 1065 328 1142 distichi
349 1069 444 1143 lines
462 1067 664 1166 producta3
693 1068 849 1169 denique
877 1071 1091 1169 imperfecta
1114 1070 1229 1146 hexa-

179 1203 287 1278 metri
300 1213 337 1278 et
356 1203 578 1301 pentametri
598 1203 830 1278 cohaerentia.
852 1203 942 1297 Quae
958 1217 1091 1281 cuncta
1104 1216 1141 1280 et
1158 1205 1231 1279 alia

178 1336 404 1434 hujusmodi,
425 1363 474 1412 ne
489 1336 639 1412 Tibullo
654 1337 716 1413 lib.
730 1336 792 1412 ΙΙΙ
805 1339 1004 1426 tribuatur,
1034 1338 1230 1414 manifesto

177 1481 317 1547 vetant.

188 1605 194 1642 ³
227 1603 405 1697 Quisnam
418 1604 534 1706 igitur
547 1605 799 1706 Lygdamus?
926 1680 929 1686 .

187 1753 190 1758 ’
221 1737 418 1814 Neminem
440 1739 558 1814 alium
582 1741 634 1815 ait
657 1739 808 1839 Gruppe
822 1738 870 1839 (1)
892 1739 962 1814 sub
981 1740 1052 1814 hoc
1072 1741 1223 1815 nomine

173 1873 337 1967 latuisse,
355 1901 466 1974 quam
480 1874 657 1950 Publium
684 1873 861 1951 Ovidium
876 1872 1047 1972 (Publius
1058 1907 1107 1939 ε·-
1121 1874 1227 1974 Lyg-

173 1982 332 2106 damus),
341 2008 414 2083 huc
428 2035 471 2084 eo
481 2009 665 2084 adductus
677 2010 775 2110 quod
788 2009 956 2108 plurimae
968 2009 1033 2083 lib.
1042 2007 1103 2082 ΙΙΙ
1114 2007 1222 2084 locu-

172 2140 301 2234 tiones,
318 2141 499 2216 nonnulla
512 2153 689 2218 versuum
712 2142 919 2241 fragmenta
933 2142 1031 2241 apud
1046 2141 1224 2219 Ovidium

173 2299 318 2373 quoque
350 2274 541 2374 leguntur,
586 2276 662 2352 ime
703 2277 846 2376 integer
886 2286 1114 2376 pentameter
1148 2303 1225 2376 quo

173 2426 288 2506 poetae
307 2408 439 2482 natalis
455 2435 574 2483 annus
588 2409 774 2484 indicatur
793 2439 802 2484 ι

332 2603 408 2666 Cum
422 2605 534 2668 cecidit
548 2605 613 2667 fato
627 2605 731 2668 consul
745 2611 869 2687 uterque
880 2605 945 2687 pari

166 2801 293 2874 existit
305 2801 469 2875 etiamin
484 2801 520 2875 T
516 2802 672 2890 reatus,
680 2801 752 2894 IV,
764 2806 823 2878 10.
840 2802 911 2878 Sed
922 2802 1058 2878 frustra
1068 2801 1220 2903 Gruppe

165 2935 321 3008 sollertis
335 2935 520 3034 ingeniiac
527 2936 669 3030 umine,
680 2936 720 3013 S.
736 2935 940 3011 Kleemann
953 2934 1002 3036 (2)
1017 2948 1142 3036 postea
1154 2964 1218 3013 no·

164 3070 219 3141 tis
232 3068 446 3143 eruditionis
468 3070 649 3145 subsidiis
666 3070 877 3168 opinionem
886 3070 989 3145 illam
1003 3073 1219 3147 confirmare

166 3203 398 3278 studuerunt.
407 3201 503 3278 Cum
512 3203 611 3278 enim
626 3203 806 3302 quaepiam
818 3204 1006 3304 utrimque
1018 3205 1214 3303 comparia,

166 3335 284 3410 multa
310 3361 454 3435 quoque
481 3337 520 3410 in
548 3336 781 3412 versificandi
807 3337 947 3412 ratione
972 3337 1218 3437 discrepantia

165 3479 293 3543 notare
306 3480 361 3544 est
373 3497 383 3568 3
397 3471 557 3569 insuper,
574 3497 812 3570 quaecumque
831 3442 1081 3570 cungerrmtur
1094 3484 1217 3548 exter·

164 3622 221 3678 na
244 3605 441 3680 verborum
467 3605 736 3702 similitudines,
758 3604 999 3679 nihilominus
1017 3632 1065 3680 ex
1083 3607 1218 3682 intima

200 3871 237 3942 (1)
251 3871 302 3926 Dr'e
316 3871 458 3928 roemr'scbe
468 3873 571 3942 Elepa'e¹
582 3877 605 3928 t.
622 3872 647 3942 1,
660 3889 722 3944 cap.
738 3885 779 3930 ru.

198 3961 233 4031 (2)
247 3959 290 4016 De
309 3961 357 4018 lib.
378 3964 452 4018 tertia·
465 3962 633 4018 curarinibus
648 3977 708 4033 qua
726 3961 831 4017 Tibulli
843 3962 952 4017 nornine
964 3962 1212 4032 circumferuntur,

162 4047 329 4120 Strussburg,
344 4051 423 4110 1876.
739 4045 741 4050 ’
