2766 4950
678 462 724 475 ..
751 425 796 495 90
823 465 870 476 -

254 556 1304 668 situmestremrusticamlovere,Tibullusbucolicoagres-

143 721 160 757 a
250 707 351 804 tique
374 705 497 798 studio
513 715 591 779 tam
605 705 760 780 feliciter
782 705 966 804 indulget,
987 716 1030 780 ut
1054 706 1222 803 quotiens
1237 718 1307 778 tu-

83 917 85 922 ,
187 858 197 946 ,¹
246 841 366 940 guria,
389 864 529 938 pecora,
554 864 715 930 nemora,
743 865 897 933 messes,
916 839 1130 931 vindemias,
1160 864 1306 937 pagana

155 950 157 954 v
248 975 338 1049 festa
353 973 521 1065 celebrat,
553 1000 672 1047 unum
696 952 911 1077 Vergilium
927 973 1017 1071 milri
1032 999 1157 1071 parem
1171 973 1306 1048 habere

134 1180 138 1189 ,
232 1191 236 1198 ¹
249 1107 418 1181 videatur
430 1136 438 1180 ε
449 1108 539 1181 adeo
549 1106 647 1204 apud
661 1116 865 1205 utrumque
875 1107 1057 1204 reperitur
1071 1105 1191 1205 lepida
1205 1107 1303 1180 ruris

250 1241 411 1340 pictura,
429 1240 518 1314 adeo
544 1240 651 1315 dulce
679 1241 826 1315 rusticae
845 1239 932 1313 vitae
953 1240 1192 1336 praeconium,
1213 1239 1301 1313 vitae

250 1386 373 1449 autem
385 1374 557 1448 omnibus
574 1374 726 1448 feritatis
746 1374 912 1448 sordibus
927 1385 1049 1448 exutae
1064 1384 1100 1447 et
1124 1374 1170 1447 ad
1184 1373 1302 1471 poeti-

250 1535 329 1584 cam
337 1508 535 1607 quamdam
546 1508 767 1604 innocentiae
784 1507 894 1582 simul
906 1519 942 1609 et
953 1507 1136 1582 felicitatis
1145 1506 1303 1604 speeiem

249 1634 495 1710 conformata.
526 1632 679 1709 Necnon
709 1633 778 1708 hoc
808 1632 947 1706 Tibulli
979 1632 1140 1707 «flebile
1176 1632 1302 1706 nescio

249 1769 339 1867 quid
354 1791 373 1841 a
386 1769 590 1843 finitimum
600 1778 725 1843 tenero
738 1767 792 1840 illi
808 1767 1049 1866 subtristique
1068 1766 1191 1841 animo
1204 1765 1297 1840 Ver·

248 1903 326 2001 gilii
340 1902 504 1979 versibus
528 1902 651 1976 infuso
665 1932 674 1996 3
688 1927 899 2001 quanquam
905 1902 975 1977 hoc
992 1901 1183 1999 discrepat,
1199 1899 1299 1999 quod

244 2035 459 2136 Vergiliana
488 2036 748 2126 misericordia,
784 2036 910 2109 alienis
927 2035 1131 2127 hominum,
1158 2033 1301 2106 anima-

241 2168 344 2263 lium,
361 2170 436 2244 imo
468 2196 590 2244 rerum
610 2170 796 2244 laboribus
823 2169 996 2258 excitata,
1022 2169 1059 2242 in
1087 2169 1300 2242 universam

244 2315 418 2377 naturam
458 2305 652 2393 redundat,
685 2303 834 2377 Tibullo
861 2303 999 2401 proprii
1027 2302 1168 2376 dolores
1191 2327 1295 2375 enar·

243 2448 382 2523 rantur,
403 2463 546 2536 semper
573 2438 760 2512 amatoriis
788 2438 883 2542 curis
912 2436 1045 2510 exorti.

249 2640 251 2646 .
291 2572 403 2646 Amor
414 2572 524 2661 enim,
543 2597 627 2646 cum
649 2571 780 2669 saepius
793 2570 936 2645 eroticis
947 2569 1157 2644 auctoribus
1169 2570 1299 2663 tristis,

243 2716 324 2791 tum
349 2704 497 2779 Tibullo
520 2704 723 2802 praesertim
748 2706 917 2809 perennis
940 2729 1188 2778 aerumnarum
1213 2703 1298 2778 fons

240 2835 409 2912 habetur.
431 2838 577 2912 Luctus
605 2839 642 2910 in
667 2838 865 2936 praesentia
884 2860 1044 2936 semper;
1069 2837 1300 2929 felicitatem,

242 2970 385 3069 siquam
401 2971 472 3045 sibi
492 2971 615 3070 fingit,
633 2971 692 3046 vel
719 2972 942 3070 praeteritam
959 2971 1147 3065 desiderio,
1163 2970 1223 3045 vel
1238 2995 1303 3068 spe

242 3105 406 3180 futuram
418 3106 635 3204 assequitur.
650 3103 697 3178 In
709 3105 868 3180 dolendo
878 3118 1000 3180 autem
1012 3105 1148 3204 ubique
1158 3104 1299 3194 varius,

241 3262 335 3333 acer,
377 3239 539 3314 sincerus
552 3269 561 3334 3
593 3250 629 3314 et
655 3241 739 3336 jure
767 3240 908 3339 priscus
935 3239 1085 3338 quidam
1117 3238 1300 3313 criticus:

243 3396 262 3444 c
279 3371 387 3457 Vere,
407 3373 540 3472 inquit,
555 3384 740 3447 amantem
754 3373 830 3470 agit
842 3402 852 3467 3
866 3373 977 3448 modo
995 3372 1176 3471 superbit,
1189 3371 1302 3446 modo

242 3505 432 3604 supplicat,
451 3506 593 3604 annuit,
618 3506 750 3599 renuit,
776 3506 953 3600 minatur,
980 3506 1184 3600 intercedit,
1199 3505 1300 3579 dedi·

243 3650 393 3738 gnatur,
403 3641 569 3732 devovet,
577 3651 667 3732 orat,
677 3640 967 3728 inconstansest,
978 3641 1077 3741 quod
1089 3639 1209 3714 voluit
1224 3664 1301 3712 non

241 3775 337 3867 vult,
367 3775 466 3875 quod
490 3775 634 3873 optavit
659 3775 808 3875 refugit,
834 3802 958 3851 secum
978 3774 1173 3865 dissidens,
1195 3784 1239 3848 ut
1260 3772 1301 3847 in

234 3935 322 3984 vera
362 3908 544 4007 cupidinis
574 3919 654 3983 rota
681 3909 787 3982 illum
816 3909 1015 4008 circumagi
1039 3909 1165 3984 credas
1189 3907 1258 4004 (1)
1281 3930 1299 3976 r>

270 4079 305 4148 (13
327 4078 354 4136 J.
380 4078 413 4131 B.
434 4077 508 4146 Pius,
527 4079 628 4133 Annot.
639 4085 764 4148 poster„
777 4095 838 4148 cop.
854 4080 914 4136 115.

76 4372 301 4655 sl
