2738 4942
589 400 632 414 ..
659 363 705 432 48
733 401 779 410 -

205 505 317 607 Ergo,
347 508 483 582 relictis
515 511 642 583 ceteris
664 509 856 582 doctorum
879 506 1113 602 conjecturis,
1138 505 1203 577 hoc

156 639 335 715 stabimus
349 641 548 741 elegiarum
559 643 687 718 ordine
704 639 757 731 :I‚
775 645 807 734 l,
823 643 856 732 2,
871 643 904 732 3,
926 642 959 731 5,
977 640 998 712 6
1019 636 1201 736 :quicum

156 799 200 849 eo
215 785 369 872 praestat
384 776 486 875 quod
501 800 521 851 a
534 777 714 852 librorum
729 774 926 851 traditione
944 798 1022 846 non
1039 769 1199 862 dissidet,

156 917 238 982 tum
249 908 355 984 nobis
372 909 583 986 facultatem
608 910 747 1009 praebet
760 934 908 984 omnem
927 903 1199 983 consuetudinis

157 1042 342 1117 amatoriae
356 1053 516 1119 tractum
525 1044 715 1120 commode
729 1053 767 1119 et
776 1041 964 1118 enucleate
978 1036 1196 1138 explicandi.

158 1174 247 1250 Haec
260 1188 383 1252 autem
402 1177 517 1253 Deliae
535 1179 699 1270 historia,
719 1179 751 1251 si
764 1177 855 1252 velis
876 1201 953 1250 uno
977 1174 1090 1250 verbo
1108 1172 1198 1249 colli·

154 1334 240 1408 gere
264 1311 444 1412 quidquid
471 1312 617 1413 paginis
632 1311 914 1410 insequentibus
933 1309 1149 1407 comperies,
1165 1333 1199 1382 ea

155 1454 294 1542 estque
304 1445 474 1542 praeclare
487 1446 694 1521 illustretur
707 1445 880 1521 Germani
892 1454 1010 1542 poetae
1025 1443 1177 1517 verbum
1191 1471 1198 1514 :

157 1600 176 1652 a
196 1576 263 1653 Uti
284 1578 365 1654 viro
381 1580 555 1671 infidelis,
571 1581 622 1654 ita
641 1581 681 1653 in
693 1591 878 1655 amantem
893 1577 1032 1677 perfida
1050 1577 1119 1675 (1).
1137 1601 1156 1650 r

208 1879 265 1955 De
293 1881 374 1956 cll
408 1881 513 1979 plura
536 1907 648 1979 supra
679 1882 866 1955 diximus:
894 1906 1027 1978 nempe
1049 1889 1200 1978 poetam,

158 2014 376 2113 deposcente
390 2014 546 2089 Messala
561 2026 604 2090 ut
617 2016 687 2091 sibi
698 2016 738 2088 in
752 2014 944 2091 Orientem
957 2013 1200 2106 comitaretur,

157 2147 338 2248 imprimis
352 2150 498 2224 rusticae
510 2150 598 2224 vitae
621 2150 796 2242 studium,
814 2149 925 2223 simul
944 2148 1078 2222 amoris
1092 2147 1202 2223 illece·

157 2286 240 2359 bras
252 2283 495 2379 excusavisse,
507 2283 559 2357 ita
573 2283 776 2358 adductum
785 2293 828 2357 ut
837 2281 981 2358 Deliam
996 2307 1101 2357 suam
1112 2307 1202 2355 nun·

157 2427 308 2516 cuperet
321 2444 402 2516 quae
422 2418 557 2493 directe
576 2418 616 2491 in
642 2417 782 2517 reliquo
801 2417 961 2492 carmine
976 2417 1114 2516 agitur.
1136 2413 1205 2491 Hic

157 2552 332 2626 videntur
345 2553 619 2628 consuetudinis
637 2553 747 2628 modo
767 2552 937 2651 primitiae
953 2550 1110 2650 attingi:
1125 2576 1204 2624 nec·

158 2685 250 2759 dum
268 2685 389 2784 puella
416 2711 436 2759 a
460 2687 590 2761 marita
613 2686 685 2762 fide
702 2686 865 2780 decessit,
888 2711 977 2760 nam
1000 2684 1139 2784 passim
1153 2682 1205 2756 in·

159 2818 346 2918 tellegitur
360 2821 412 2919 (v.
432 2823 477 2892 49
495 2850 503 2894 :
524 2819 605 2894 Hoc
623 2821 714 2893 mihi
739 2821 996 2919 contingat...;
1023 2845 1060 2893 u.
1080 2823 1127 2893 57
1142 2841 1205 2916 sq:

159 2965 282 3029 tecum
296 2952 497 3028 dummodo
512 2955 592 3027 sim.
603 2955 644 3052 ..)
661 2955 809 3029 Tibullo
829 2980 1012 3028 summam
1031 2954 1205 3051 volupta-

159 3099 236 3162 tem
249 3088 288 3160 in
303 3088 400 3162 votis
415 3113 504 3175 esse,
516 3113 593 3161 non
611 3115 649 3162 re
667 3115 752 3163 vera
774 3099 981 3188 perceptam
998 3119 1007 3182 ;
1026 3097 1062 3162 et
1083 3113 1205 3162 amans

158 3223 236 3320 ipse
259 3232 314 3296 sat
340 3247 481 3295 novum
511 3223 550 3295 in
568 3223 676 3296 rebus
699 3224 862 3297 venereis
879 3248 916 3295 se
940 3221 1077 3319 profert
1093 3219 1203 3319 (quod

159 3355 270 3430 etiam
295 3356 480 3454 sequentis
503 3357 549 3430 el.
588 3355 754 3432 21111001
779 3357 920 3430 dolores
940 3379 973 3447 u,
1004 3380 1023 3428 a
1050 3380 1139 3430 acuo
1166 3354 1206 3427 11-

160 3489 259 3564 aaiau
269 3512 288 3562 a
307 3487 359 3587 (2)
375 3489 614 3589 significant).
629 3488 720 3564 inde
736 3492 900 3565 suffusus
915 3489 1068 3564 carmini
1080 3488 1205 3564 ardens

211 3749 222 3800 1
251 3744 292 3804 H.
309 3744 409 3800 Heine.

197 3743 238 3904 lll
261 3834 418 3904 Quanquam
432 3836 529 3890 Dissen
544 3840 572 3890 et
584 3835 667 3890 ceteri
680 3834 748 3890 illud
762 3836 826 3891 aovi
839 3836 885 3890 vel
904 3852 975 3892 nouo
989 3851 1066 3890 secus
1078 3833 1206 3903 interpre-

163 3923 214 3975 tari
230 3930 361 3978 conantur
377 3943 383 3979 :
396 3941 510 3995 nuperae
525 3941 621 3994 nempe
637 3924 722 3979 Deliae
733 3925 842 3996 nuptias
858 3924 1032 3994 intellegunt.
1050 3921 1103 3978 Sed
1116 3921 1205 3975 Disse-

161 4011 271 4065 nianem
290 4013 546 4070 commentationem
561 4031 641 4085 supra
656 4013 868 4073 confutavimus.
