2766 4950
601 510 649 523 ..
672 473 718 542 97
743 508 792 524 ..

164 618 367 719 nendisquc
385 631 422 696 et
440 621 480 693 in
493 630 574 695 toto
595 619 765 718 ponendo
786 629 913 694 artem.
936 619 1215 719 Praecipuarum

164 751 294 828 saltem
308 753 507 854 elegiarum
519 778 749 854 unaquaeque
771 753 818 851 (si
827 753 1027 852 quamdam
1040 780 1060 829 1
1071 754 1211 829 musica

165 886 443 964 similitudinem
457 889 589 964 ducere
601 888 702 985 licet)
725 887 829 988 quasi
850 887 995 988 integra
1007 889 1216 990 symphonia

164 1029 231 1111 est,
252 1022 435 1098 flebilibus
453 1049 594 1122 semper
607 1048 648 1099 ac
667 1023 844 1098 suavibus
863 1023 982 1097 modis
1008 1023 1211 1122 incipiens3

163 1155 298 1232 exinde
327 1156 480 1233 diversae
505 1157 666 1232 subeunt
690 1156 975 1248 modulationes,
1003 1156 1100 1233 inter
1122 1181 1216 1258 quas.

164 1289 318 1367 recurrit
330 1290 532 1367 identidem
547 1291 763 1387 primarium
775 1291 912 1381 thema,
926 1289 1132 1366 luculenter
1151 1307 1217 1364 va-

164 1423 312 1499 riatum.
332 1422 434 1498 Dum
451 1435 574 1500 autem
594 1451 786 1500 maerorem
802 1436 838 1500 et
855 1424 1034 1518 laetitiam,
1051 1450 1153 1522 spem
1178 1433 1215 1497 et

163 1568 320 1652 metum,
334 1557 462 1634 funcra
472 1568 508 1634 et
520 1558 636 1633 vitam
648 1559 811 1634 vicissim
819 1559 924 1633 audis
936 1559 1108 1657 exprimi,
1121 1557 1216 1631 nihil

163 1717 329 1791 unquam
343 1692 501 1791 abrupti,
516 1692 610 1766 nihil
620 1693 757 1768 dissoni
772 1693 811 1766 in
822 1693 1089 1769 contrariorum
1101 1718 1214 1791 oppo-

165 1826 297 1902 sitione
320 1826 489 1922 offendit,
507 1826 569 1902 sed
597 1852 708 1926 quam
724 1827 914 1902 lenissimo
926 1827 1088 1903 transitu
1114 1825 1214 1900 aliud

164 1989 211 2040 ex
225 1962 311 2054 alio,
329 1962 481 2062 perinde
494 1987 535 2037 ac
550 1961 581 2036 si
601 1962 756 2037 fluctum
770 1961 905 2037 fluctus
923 1961 1048 2060 pellat,
1077 1960 1213 2036 exoriri

163 2096 324 2171 videtur.
352 2095 531 2171 Ascendit
559 2121 646 2196 ergo
674 2106 710 2171 et
740 2095 939 2191 descendit,
970 2094 1143 2170 tumescit
1175 2104 1222 2200 et,

164 2228 313 2304 sedatur
348 2228 471 2324 melos,
514 2228 642 2322 donec,
679 2239 809 2327 pacato
842 2228 979 2304 sensim
1014 2229 1212 2303 affectuum

162 2362 343 2454 tumultu,
361 2364 400 2437 in
414 2363 524 2463 pleno
537 2363 768 2462 perfectoque
784 2374 965 2439 concentu
991 2363 1161 2462 quiescit.

213 2495 321 2589 Quod
351 2498 382 2573 si
408 2498 573 2573 animum
597 2497 830 2572 advertamus
854 2497 1079 2597 exquisitam
1109 2496 1212 2573 illam

162 2640 305 2706 naturoe
331 2631 492 2731 artisque
519 2631 745 2731 temperiem,
763 2632 881 2730 qualis
903 2633 969 2706 vix
993 2632 1079 2706 alibi
1102 2650 1219 2730 quam·

164 2765 262 2863 apud
286 2764 502 2863 purissimos
527 2763 739 2841 Graecorum
765 2776 958 2840 auctorum
996 2764 1211 2864 reperiatur,

163 2899 355 2974 accedente
368 2898 479 2974 etiam
491 2899 619 2974 innato
637 2899 798 2998 quodam
809 2910 846 2974 11
859 2898 992 2974 intimo
1005 2898 1128 2996 lepore
1139 2920 1213 2997 quo

163 3042 283 3128 poetae·
290 3033 459 3107 omnium
473 3043 626 3107 aetatum
636 3033 808 3131 perpauci
823 3059 924 3131 aeque
938 3033 1131 3107 nituerunt
1149 3031 1210 3130 (1),

164 3189 231 3239 nec
254 3164 485 3259 Quintiliano
503 3166 792 3241 contradicemus
813 3166 1013 3242 declaranti
1028 3165 1098 3251 sibi
1113 3164 1217 3240 inter-

164 3297 365 3376 latinorum
376 3301 564 3401 elegorum
582 3301 788 3377 conditores
807 3325 825 3375 11
847 3301 1008 3375 maxime
1020 3311 1161 3379 tersum
1175 3311 1212 3375 et

164 3431 366 3533 elegantem
379 3435 497 3510 videri
513 3435 704 3510 Tibullum
718 3459 751 3528 J),
767 3460 834 3509 nec
853 3433 1029 3510 Suetonio
1042 3437 1210 3545 eumdem

163 3568 334 3667 opinanti
385 3570 631 3668 «principem
657 3569 754 3645 inter
792 3569 1055 3669 elegographos
1092 3581 1213 3647 tenere

164 3700 288 3778 locum
304 3733 339 3796 »;
359 3715 396 3779 et
413 3729 488 3778 uns
501 3703 651 3779 demum
666 3730 751 3778 cum
773 3702 980 3803 Sigmundo
1006 3703 1148 3780 Teuffel
1164 3704 1214 3804 (2)

201 3945 236 4018 [1)
250 3943 381 4008 Quocirca
401 3943 540 4014 Vergilius
555 3943 729 4014 potissimum
752 3948 939 4012 nostratosquo
952 3941 1053 3995 Racine
1064 3947 1092 3995 et
1104 3941 1214 4009 Lunar-

165 4034 222 4088 tino
237 4050 298 4088 cum
310 4032 420 4087 Tibullo
434 4033 503 4088 benc
517 4032 637 4088 conferri
653 4030 766 4103 possint,
1167 4029 1171 4041 ¹

202 4125 240 4194 (2)
256 4124 316 4184 Loc.
332 4125 386 4192 cit,
399 4123 416 4176 3
430 4123 560 4195 (Tibull’s¹
570 4124 723 4191 Kuostort).
