2766 4950
495 573 545 595 ..
573 539 615 608 19
642 575 691 591 ..

64 685 201 761 natalis
224 690 356 789 agitur,
387 687 552 765 Oornuto
571 710 590 760 r
610 685 675 761 fidi
706 685 835 759 uxoris
859 707 999 757 amores
1016 705 1035 754 n
1051 706 1116 779 op·

66 828 199 894 tantur
211 833 249 897 et
271 822 403 897 ludens'
418 831 533 895 rante
555 830 640 894 tuos
660 818 769 892 turba
784 817 930 891 novella
943 815 1054 915 pedes
1071 837 1114 889 r:

66 978 163 1050 quae,
182 955 302 1047 credo,
316 981 432 1055 quum
463 953 670 1050 disrumpat
695 950 894 1050 elegiarum
907 949 952 1022 de
967 945 1116 1023 Nemesi

66 1086 247 1181 ordinem,
264 1098 370 1164 extra
385 1113 493 1162 suum
510 1086 634 1161 locum
647 1084 753 1160 nobis
771 1094 838 1158 est.
857 1080 954 1174 Quid
969 1081 1116 1182 igitur?

67 1219 235 1316 Cornuti,
256 1221 423 1298 Corinthi
433 1221 586 1296 nomina
611 1245 722 1319 quam
747 1218 885 1316 optime
916 1216 1112 1315 quadrant.

65 1352 203 1431 Nonne
234 1351 430 1432 verisimile
455 1367 511 1432 est
527 1354 580 1453 (1)
595 1354 765 1429 eumdem
784 1353 976 1450 juvenem,
997 1349 1116 1449 primo

67 1488 240 1588 Sulpiciae
258 1501 458 1584 amantem,
481 1490 624 1588 poetico
646 1489 797 1564 nomine
827 1483 1006 1576 Cerinthi,
1025 1509 1116 1559 mox

69 1613 242 1714 Sulpicia
256 1618 433 1691 maritum
445 1642 534 1692 vero
547 1642 588 1690 ae
610 1616 750 1690 sincero
764 1612 989 1711 appellatum
1003 1636 1081 1686 esse
1099 1610 1116 1684 ἲ

66 1746 128 1824 Ita
140 1728 291 1824 illorum
308 1749 477 1848 Sulpiciae
492 1777 672 1838 amorum,
689 1750 729 1822 in
742 1747 963 1823 carminibus
979 1745 1044 1820 lib.
1058 1742 1116 1818 IV

63 1881 372 1981 imperfectorum,
380 1885 494 1960 finem
505 1884 566 1959 hic
575 1884 806 1959 haberemus:
812 1883 934 1980 justas
949 1876 1110 1977 nuptias.

115 2013 305 2115 Quidquid
326 2016 365 2090 id
392 2029 462 2110 est,
478 2017 524 2092 de
549 2018 713 2116 priorum
745 2015 950 2091 carminum
965 2022 1112 2087 auctore

61 2149 131 2224 vix
145 2149 395 2225 dubitandum
408 2162 496 2244 erat,
512 2152 603 2227 adeo
623 2151 771 2225 Tibullo
802 2150 915 2248 digna
937 2147 1111 2221 videntur

61 2295 100 2359 et
115 2284 325 2361 Tibullinno
340 2285 459 2362 colore
475 2286 596 2386 plena.
616 2286 724 2379 Quod
741 2283 849 2360 etiam
870 2283 1032 2358 fatentur
1046 2280 1110 2380 qui

61 2418 179 2494 critici
209 2419 335 2495 eadem
364 2420 511 2496 Tibullo
537 2420 751 2513 detrahunt,
772 2420 842 2494 hoc
863 2441 995 2514 nempe
1014 2414 1108 2512 obji-

60 2552 222 2628 cientes:
245 2579 394 2654 poeseos
413 2554 491 2629 vim
513 2554 565 2629 ibi
583 2556 780 2654 objectionis
801 2553 859 2650 (ut
885 2552 1002 2644 aiunt)
1022 2574 1110 2641 esse,

58 2686 161 2786 quod
185 2689 283 2786 apud
297 2689 487 2764 Tibullum
505 2690 586 2774 fieri
601 2716 676 2765 non
699 2690 813 2764 soleat
830 2716 840 2780 ;
858 2686 963 2787 quasi
976 2695 1108 2783 poetae,

48 2823 197 2930 ‘quippe
211 2823 270 2896 cui
283 2848 363 2898 mos
378 2824 426 2899 sit
441 2825 606 2923 proprios
626 2850 755 2899 sensus
769 2822 988 2922 exprimere,
1004 2820 1109 2918 inge·

10 3029 13 3033 .
56 2957 173 3040 nium*
193 2967 231 3031 et
255 2956 295 3031 in
325 2957 452 3034 alienis
485 2959 670 3035 amoribus
701 2958 811 3034 semel
838 2981 1005 3032 exercere
1032 2978 1108 3028 non

56 3089 167 3165 liceat
184 3091 194 3164 1
217 3088 359 3165 Forsan
378 3102 414 3166 et
437 3091 590 3168 haerebit
613 3092 744 3191 aliquis
767 3092 806 3164 in
823 3089 986 3165 hocloco
1000 3087 1044 3162 el.
1058 3090 1079 3160 3
1095 3116 1104 3160 ε

270 3393 389 3472 Arguar
402 3400 472 3458 ante
485 3395 565 3475 ipsas
577 3396 768 3457 concubuisse
781 3395 894 3475 plagas,
980 3402 982 3406 ‘

56 3535 291 3670 stupebit'que
317 3573 416 3673 quod
446 3577 611 3674 superbae
629 3575 768 3651 «Servi
790 3576 876 3650 filiae
900 3577 1105 3676 Sulpicia»

55 3713 134 3777 tam
147 3715 319 3801 proterva
330 3709 443 3783 verba
455 3735 476 3783 a
490 3709 639 3784 Tibullo
647 3711 785 3808 juvene
797 3713 1024 3788 tribuantur.
1037 3712 1108 3788 Sed

93 3931 131 4009 (1)
140 3934 194 3990 Sed
207 3916 261 3990 non
273 3940 331 3992 tom
338 3943 443 3994 certum
450 3957 530 4011 qnam
538 3941 736 3999 G.Larroumet
745 3943 869 4002 affirmat.
878 3944 1037 3999 Corinthum
1046 3961 1106 4000 esse

57 4040 152 4079 verum
168 4024 287 4081 Graeculi
296 4044 405 4098 nomen,
416 4030 508 4100 plures
518 4039 560 4087 snt
570 4032 736 4088 credibiliter
747 4034 962 4102 contenderunt;
978 4038 1007 4087 et
1021 4033 1108 4088 fateor

57 4130 176 4184 graecam
189 4114 372 4174 adulescentis
390 4120 522 4190 originem
536 4139 591 4177 non
608 4122 680 4177 male
695 4139 845 4194 congruere
864 4139 925 4177 cum
945 4122 1105 4193 quibusdam

57 4201 198 4257 amatoriae
211 4201 284 4261 illius
297 4205 402 4262 fabulae
416 4209 633 4270 condicionibus.
