2766 4950
510 495 552 510 ..
584 457 628 528 85
658 490 705 506 .-

81 617 186 704 optat
204 606 343 682 Veneri
366 582 570 704 puellisque
581 603 780 679 valedicere
798 631 805 675 :
821 599 881 674 sed
896 582 1031 699 magna
1042 595 1132 668 dum

78 741 258 841 loquitur,
290 741 521 839 phantasiam
551 738 652 815 subit
692 735 850 811 dominae
887 730 1130 831 superbientis

79 875 214 975 imago,
234 875 377 950 «fortia
388 873 499 950 verba
513 873 644 949 clausae
660 873 754 947 fores
768 869 964 946 excutiunt
978 890 1011 939 a.
1030 864 1129 939 Hinc

79 1010 243 1108 aperitur
266 1009 412 1083 animus
442 1030 568 1084 secum
584 1031 767 1107 pugnans,
786 1003 914 1078 invisa
939 999 1128 1076 servitutis

80 1154 208 1238 tenax,
231 1169 334 1243 spem
350 1143 447 1218 inter
463 1153 500 1218 et
527 1166 705 1241 angorem
722 1139 920 1214 distractus
936 1134 1128 1234 :quocirca
1173 1234 1180 1252 ⁵

79 1277 216 1376 passim
232 1277 420 1352 admireris
434 1276 569 1375 elegos,
588 1274 722 1375 quibus
741 1271 836 1346 nihil
850 1254 1015 1372 unquam
1028 1268 1127 1343 ullus

78 1412 299 1488 eroticorum
316 1411 540 1510 scriptorum
555 1411 614 1485 vel
638 1407 874 1506 simplicitate
895 1403 1130 1504 praestantius

79 1547 139 1623 vel
157 1547 391 1647 spectabilius
410 1557 488 1621 arte
511 1544 717 1621 condiderit
733 1573 742 1619 ε
758 1542 848 1630 sive,
868 1539 972 1617 verbi
994 1539 1128 1639 gratia,

78 1693 187 1781 poeta
202 1682 384 1758 exclamat
404 1681 455 1778 (v,
479 1685 523 1755 13
543 1680 635 1778 sq.):

180 1924 201 1987 J
203 1925 288 1986 uravi
302 1923 440 2006 quotiens
450 1922 615 1984 rediturum
627 1922 665 1984 ad
678 1921 784 1983 limina
799 1919 974 2001 nunquam!

241 2042 315 2102 Cum
328 2040 404 2104 bene
418 2038 529 2118 juravi,
543 2057 594 2120 pes
606 2043 708 2101 tamen
720 2037 783 2117 ipse
797 2036 886 2107 redit,

80 2293 158 2368 sive
174 2291 384 2392 ingemiscit
399 2291 446 2388 (v.
465 2293 509 2365 19
531 2292 603 2389 sq.)
623 2320 632 2364 ε

185 2524 206 2587 J
208 2542 256 2586 cm
269 2524 348 2586 mala
361 2522 494 2585 finissem
510 2523 582 2593 leto,
596 2521 647 2584 sed
661 2520 782 2584 credula
793 2521 887 2583 vitam

240 2641 312 2722 Spes
323 2640 405 2703 fovet
419 2645 449 2701 et
462 2640 527 2701 fore
542 2657 608 2701 cras
623 2656 739 2718 semper
754 2637 798 2698 ait
812 2637 928 2698 melius.

81 2893 116 2964 A
128 2890 267 2965 maestis
279 2889 395 2988 igitur
407 2890 482 2964 illis
492 2891 682 2967 sententiis
698 2890 743 2966 ad
758 2891 849 2965 lenae
865 2888 1033 2988 Phrynes
1047 2888 1129 2964 faci-

79 3047 181 3113 nora,
206 3023 251 3097 ad
268 3023 385 3122 ipsius
412 3025 537 3100 amicae
555 3025 660 3100 dolos
675 3024 815 3125 pergit:
841 3022 946 3097 nobis
963 3021 1126 3113 demum,

79 3156 147 3232 sub
162 3157 332 3231 carminis
344 3158 417 3231 fine
435 3156 484 3256 (u.
508 3158 646 3258 ers-54),
660 3160 781 3258 posita
797 3168 881 3232 ante
902 3156 1029 3232 oculos
1049 3183 1128 3255 per·

78 3302 185 3390 grata
202 3290 455 3366 molestiarum
471 3293 730 3367 amatoriarum
748 3291 1001 3390 descriptione.

128 3424 187 3518 El.
207 3429 242 3514 5,
265 3449 375 3522 quam
394 3427 497 3501 seriei
511 3438 680 3503 tenemus
699 3438 938 3526 postremam,
959 3427 999 3501 in
1017 3427 1130 3503 hono·

77 3584 155 3632 rem
177 3557 376 3654 Messalini,
405 3560 570 3635 Messala
588 3560 670 3650 filii,
688 3561 837 3636 condita
863 3572 929 3653 est,
945 3587 1064 3660 nuper
1091 3563 1130 3636 in

79 3691 464 3785 Quindecimvirorum
490 3696 687 3795 collegium
710 3696 882 3795 cooptati.
910 3696 1026 3794 Cujus
1048 3723 1132 3773 cum

73 3828 153 3924 jam
180 3853 317 3903 munus
336 3831 439 3906 fieret
469 3829 662 3930 sybillinos
689 3831 802 3906 libros
826 3841 992 3922 tractare,
1010 3842 1129 3929 poeta,

80 3961 148 4035 rite
169 3962 214 4034 ab
243 3963 417 4061 Apolline
445 3976 530 4040 vate
552 3991 722 4058 exorsus,
739 3966 779 4038 in
805 3965 955 4064 Sybillis
988 3964 1129 4040 diutius

82 4109 337 4192 commoratur,
356 4125 456 4173 nunc
474 4099 664 4199 splendida
683 4100 854 4174 vaticinia
868 4099 1025 4174 referens
1047 4127 1127 4200 quae
