2766 4950
592 480 641 492 ..
667 440 712 511 57
738 480 787 493 .-

162 585 261 680 68¹).
291 584 391 680 Quin
440 590 562 684 etiam,
613 588 698 664 licet
744 586 914 664 hortetur
966 587 1127 687 puellam
1166 612 1214 662 ne

399 855 479 901 saevo
492 838 533 901 sit
546 842 628 900 casta
642 843 735 910 metu,
756 836 808 900 sed
825 841 926 900 mente
940 835 1034 914 fideli,

158 1081 356 1160 interdum
365 1095 500 1162 terrere
512 1097 666 1162 conatur
674 1085 867 1162 verberum
877 1085 988 1161 minis
1004 1087 1056 1182 (v.
1073 1088 1117 1160 73
1129 1087 1215 1184 sq.),

159 1225 303 1294 terrere
320 1245 465 1320 quoque
481 1220 720 1297 describendo
740 1247 852 1319 quam
873 1220 1005 1295 misera
1025 1219 1217 1319 turpisque

162 1362 336 1428 senectus
347 1354 538 1431 mulierem
557 1365 702 1431 maneat
714 1354 900 1430 infidelem
911 1356 963 1450 (v.
978 1357 998 1428 7
1003 1357 1023 1428 7
1027 1356 1120 1449 ·84).
1134 1353 1217 1428 Per·

167 1496 337 1584 spectum
355 1513 402 1564 ex
418 1488 475 1564 his
489 1488 612 1580 habes,
630 1499 855 1588 quantopere
871 1513 928 1563 res
947 1487 1036 1563 inde
1051 1511 1071 1562 a
1084 1512 1219 1587 praece·

171 1618 273 1695 denti
285 1623 444 1697 carmine
458 1623 664 1698 immutatae
694 1623 793 1698 sint:
823 1632 1023 1722 postquam
1048 1632 1157 1719 poeta
1182 1621 1220 1694 in

170 1753 213 1830 el.
240 1758 261 1829 5
288 1754 404 1853 ipsius
419 1755 537 1832 Deliae
553 1758 708 1832 affectus
727 1782 887 1845 movere,
903 1754 1064 1856 gratiam
1077 1766 1221 1852 captare

172 1889 342 1981 tentavit,
365 1889 405 1964 in
432 1890 477 1966 el.
508 1895 543 1984 6,
578 1891 707 1966 alienis
736 1891 915 1990 praesidiis
944 1889 1100 1982 innisus,
1127 1887 1222 1962 nihil

174 2022 271 2097 aliud
296 2049 408 2122 quam
427 2025 521 2124 petit
540 2036 583 2101 ut
607 2026 790 2120 emerite,
814 2052 835 2099 a
858 2034 975 2099 matre
994 2023 1222 2098 lascivientis

173 2155 286 2233 libido
307 2158 539 2254 cohibeatur3
564 2159 640 2234 illic
663 2159 723 2234 vel
742 2159 933 2253 suavibus,
953 2158 1011 2233 vel
1035 2157 1219 2233 flebilibus

174 2291 291 2366 verbis
302 2291 453 2367 mollem
467 2293 632 2368 animum
644 2292 844 2386 allectabat,
856 2293 915 2367 hic
926 2294 1069 2368 utinam
1081 2292 1215 2366 divinae

173 2424 413 2526 humanaeque
429 2426 581 2502 ultionis
593 2437 714 2502 metus
741 2453 763 2500 a
786 2426 969 2525 peccando
991 2426 1215 2502 deterreant!

176 2566 353 2661 Quotiens
373 2569 473 2644 illius
499 2570 600 2645 modi
618 2568 790 2644 fomentis
807 2568 950 2667 indiget
962 2591 1074 2662 amor,
1094 2567 1217 2668 despe-

175 2714 253 2779 rato
270 2704 379 2803 plane
390 2704 519 2780 morbo
530 2704 692 2780 laborare
706 2703 865 2779 videtur.
883 2702 935 2778 Et
953 2703 1031 2802 ipse
1050 2702 1221 2778 Tibullus

172 2837 249 2934 jam
262 2863 338 2912 non
352 2849 396 2914 ut
420 2849 526 2914 antea
540 2839 662 2939 diligit
676 2868 684 2915 ε
699 2839 828 2937 pietas,
847 2837 1101 2912 benevolentia
1125 2845 1223 2911 retro

176 2971 293 3047 abiere
304 2972 465 3066 ;instant
475 2973 684 3048 etiamnunc
698 2972 888 3072 zelotypia
902 2971 1053 3066 stimuli,
1063 2971 1223 3046 devincit

176 3106 231 3181 vis
249 3106 498 3182 assuetudinis
511 3135 520 3183 ε
534 3107 684 3182 vincula
698 3132 786 3182 vero
794 3105 931 3181 sensim
942 3104 1105 3193 dissolvi,
1122 3129 1222 3177 amo·

176 3267 252 3318 rem
266 3243 438 3318 adfinem
456 3269 605 3343 vergere
624 3245 760 3345 ubique
773 3244 963 3318 sentimus.
982 3243 1056 3316 Ars
1077 3240 1128 3315 ibi
1140 3239 1224 3338 plu-

176 3374 280 3466 rima,
296 3376 412 3451 mirus
428 3377 694 3452 sententiarum
709 3377 881 3474 impetus,
899 3375 1016 3448 mirus
1027 3372 1223 3448 verborum

177 3509 358 3608 splendor,
372 3510 562 3587 deficiente
592 3522 719 3587 tamen
744 3510 880 3585 intimo
897 3507 963 3584 illo
984 3490 1127 3584 fervore
1150 3531 1224 3605 quo

213 3823 248 3895 (1)
259 3821 341 3877 Hanc
352 3826 457 3893 partem
467 3827 496 3878 at
509 3823 627 3894 reliquos
644 3820 774 3894 usquead
788 3820 872 3876 finem
885 3837 978 3876 versus
997 3819 1028 3876 0.
1043 3819 1130 3889 Korn,
1144 3817 1226 3874 Scali-

178 3912 296 3982 garianae
310 3910 420 3982 quidam
431 3911 552 3968 libidinis
569 3912 692 3984 aemulus,
701 3927 858 3984 expungere
868 3926 902 3965 ax
914 3910 951 3970 el.
963 3911 980 3965 6
990 3908 1075 3965 voluit
1087 3913 1116 3962 et
1124 3908 1154 3962 in
1163 3907 1198 3963 el.
1212 3908 1225 3961 1

180 4001 309 4060 inserere.
331 4001 482 4058 Mirandam
508 4001 704 4071 carnificinam,
728 3999 800 4055 unde
817 3999 941 4056 Tibullus
967 3998 1067 4072 oppido
1082 3996 1228 4052 dilaniatus

179 4090 284 4146 evadit!
