2766 4950
570 529 618 540 ..
644 492 689 559 45
715 529 765 540 -

169 635 291 710 mentis
317 637 581 712 conformatae:
610 638 674 713 sed
692 663 817 712 veram
838 638 1035 739 vivamque
1060 640 1210 716 subesse

169 769 335 847 feminam
351 797 442 846 mox
452 771 678 846 hariolamur
694 798 714 848 e
730 798 768 846 v.
778 775 838 863 52,
855 799 940 849 cum
954 783 1061 873 poeta
1082 800 1209 850 omnes

172 903 310 981 divitias
322 906 440 1005 perire
456 905 580 1004 potius
593 916 698 1006 optat

282 1101 380 1178 Quam
391 1101 460 1165 fleat
469 1100 508 1164 ob
517 1107 633 1164 acanus
645 1103 709 1163 ullu
716 1104 820 1182 puella
833 1104 908 1175 vias,

171 1308 245 1393 post
260 1297 302 1372 in
321 1323 359 1372 v.
376 1302 422 1373 55
440 1308 564 1397 aperte
582 1323 776 1374 monemur
796 1330 805 1375 ε

281 1511 334 1574 Me
348 1512 479 1575 retinent
493 1512 628 1576 vinetum
637 1512 776 1576 formosas
789 1513 1022 1595 vinclapuellae;
1110 1598 1112 1602 Ι

168 1734 244 1808 quaa
270 1709 395 1808 puella
424 1682 574 1784 tandem
606 1708 645 1782 in
674 1710 840 1809 sequenti
873 1709 1030 1785 disticho
1063 1713 1211 1810 proprio

167 1843 311 1918 nomine
323 1843 526 1943 insignitur
535 1845 627 1939 (meu
642 1842 783 1940 Delia).
795 1885 843 1898 —
855 1842 987 1943 Itaque
1000 1845 1115 1919 Deliae
1129 1846 1212 1919 ima·

165 1979 300 2079 ginem,
318 1978 437 2078 primo
449 1977 647 2066 occultam,
662 1977 701 2049 in
716 1976 838 2051 medio
853 1981 1012 2053 carmine
1026 1981 1132 2078 quasi
1147 2006 1212 2077 per

164 2109 315 2187 nebulas
342 2118 540 2206 aspectam,
572 2107 708 2181 sensim
736 2109 983 2207 propinquare
1007 2137 1047 2184 ac
1080 2111 1209 2185 clar'es·

164 2270 242 2321 aera
252 2255 375 2345 putes,
396 2241 515 2316 donec
527 2251 606 2316 tota
628 2241 779 2316 demum
803 2243 910 2317 nobis
927 2255 1050 2340 pateat
1069 2274 1077 2318 :
1095 2245 1207 2335 unde,

163 2404 255 2452 num
269 2376 384 2479 elegia
395 2375 475 2449 haec
486 2375 573 2449 alibi
596 2375 765 2450 collocari
781 2378 900 2475 possit
914 2403 1024 2475 quam
1048 2377 1087 2450 in
1107 2379 1211 2452 seriei

164 2510 359 2612 principie,
375 2509 464 2585 satis
478 2508 591 2583 habes
605 2520 830 2607 perpectum.

212 2645 264 2720 Et
300 2643 413 2719 simili
439 2643 579 2719 ratione
605 2642 691 2718 licet
728 2643 846 2717 obiter
877 2643 1056 2742 quosdam
1086 2643 1209 2740 (Voss,

164 2778 326 2876 Passow)
341 2777 540 2871 confutare,
564 2777 698 2875 quibus
718 2777 873 2875 elegiam
892 2775 924 2863 I,
943 2781 964 2851 5
984 2787 1069 2875 post
1084 2804 1211 2876 supre-

162 2940 263 2991 mam
281 2912 329 2989 el.
343 2910 409 2999 I,6
424 2936 558 3009 ponere
570 2909 720 3011 placuit.
739 2912 871 2985 Ambae
893 2911 1042 3009 quidem
1058 2934 1137 2985 non
1152 2913 1213 2986 ad·

162 3077 205 3126 eo
220 3049 365 3147 dispare
393 3055 611 3144 argumento
636 3056 748 3119 sunt:
781 3045 844 3120 sed
863 3072 945 3120 eum
963 3045 1062 3118 illius
1091 3045 1215 3120 ultimi

162 3207 291 3258 versus
307 3177 445 3277 (ta-76)
463 3178 581 3251 minas
602 3178 640 3250 in
661 3188 860 3252 amatorem
885 3177 1037 3252 rivalem
1054 3177 1215 3254 habeant

163 3315 302 3392 comico
314 3311 476 3412 quodam
497 3309 572 3385 sale
596 3336 787 3408 respersas,
803 3312 937 3410 quibus
954 3310 1069 3385 Deliae
1092 3312 1214 3386 fabula

164 3475 295 3550 parum
322 3445 441 3545 lepide
472 3470 515 3518 ac
536 3443 641 3520 velut
674 3445 714 3518 in
750 3471 928 3544 suspenso
950 3444 1212 3540 concludatur3

164 3583 250 3658 huic
274 3582 328 3657 ita
350 3577 565 3655 desinenti:

289 3828 610 3845 .......
654 3799 719 3854 nos,
736 3781 833 3858 Delia,
848 3782 956 3844 amoris

328 3891 507 3973 Exemplum
517 3909 591 3951 cana
606 3891 697 3952 aimus
707 3897 834 3973 uterque
845 3913 940 3963 coma,

216 4136 264 4153 -
279 4089 378 4191 quod
397 4082 581 4162 distichon
599 4086 716 4161 menti
738 4088 853 4184 aperit
870 4087 1016 4161 infinita
1029 4110 1141 4184 prope
1163 4087 1180 4158 f
1199 4124 1210 4137 ·
