2766 4950
504 458 700 528 ..93-

79 607 175 705 (vide
183 607 392 708 trisyllabas
405 607 623 707 pentametri
634 601 814 682 clausulas
823 604 881 680 vel
889 603 1123 678 hexametros

76 752 160 838 post
179 742 348 840 quintam
367 742 479 816 arsim
507 767 608 816 casos
632 741 671 840 ¹),
690 739 792 816 velut
811 737 948 838 aliquid
978 735 1122 809 umbra·

77 899 160 948 rum
177 875 386 950 insinuatur
400 876 497 951 inter
515 875 653 974 reliqua
672 874 825 969 lumina.
845 870 1002 970 Insuper
1018 868 1125 967 plura

77 1009 255 1101 notanda,
273 1009 422 1084 Tibullo
435 1010 475 1082 in
495 1009 695 1084 condendis
714 1006 1003 1108 aggregandisve
1017 1005 1125 1081 versi·

78 1142 147 1216 bus
162 1143 323 1241 propria,
339 1169 421 1243 quae
442 1143 590 1241 quidem
608 1143 771 1217 maxime
784 1142 871 1216 artis
895 1141 1043 1239 poeticae
1063 1164 1124 1214 an·

78 1277 233 1351 tistitem
247 1278 481 1352 denuntiant.
496 1277 632 1370 Prim0,
644 1304 728 1352 cum
743 1288 779 1352 et
794 1277 922 1352 ceteris
937 1276 1126 1376 elegorum
1143 1341 1147 1351 .

78 1411 277 1486 latinorum
301 1412 538 1510 scriptoribus
566 1410 714 1488 solitum
735 1412 782 1486 sit
808 1412 848 1486 in
874 1412 995 1486 medio
1018 1435 1127 1486 versu

80 1554 267 1652 epitheton
306 1555 493 1646 collocare,
534 1554 684 1629 nomine
715 1555 884 1628 eumdem
915 1552 1127 1629 concludere

79 1715 236 1783 versum,
260 1691 358 1789 quod
385 1690 581 1789 aliquando
605 1689 715 1764 efficit
736 1699 911 1764 extremm
936 1688 1127 1787 utriusque

80 1822 300 1897 hemistichii
327 1824 475 1922 syllabae
499 1823 787 1916 consonantiam,
810 1822 979 1896 Tibullus
1003 1822 1129 1896 luben-

81 1957 154 2030 tius
167 1958 289 2048 ctiam‚
305 1959 344 2030 ni
359 1957 478 2050 fallor,
495 1969 532 2032 11
550 1957 775 2056 frequentius
789 1956 857 2031 hoc
871 1956 990 2030 utitur
1006 1956 1128 2031 :unde

82 2093 122 2166 fit
148 2104 190 2167 ut
208 2094 259 2167 rei
279 2093 435 2167 colorem
463 2104 526 2166 aut
549 2094 707 2192 figuram
731 2117 834 2166 mens
861 2090 1007 2165 lectoris
1033 2116 1128 2188 saepe

80 2227 176 2326 apud
190 2252 275 2300 eum
290 2227 504 2326 antecapiat‚
525 2229 739 2326 priusquam
754 2228 873 2325 ipsam
891 2252 968 2300 rem
986 2226 1126 2300 intuea-

80 2373 159 2447 tur,
187 2374 301 2462 utque
328 2362 517 2462 (tanquam
538 2363 798 2438 animadvertit
828 2363 1041 2462 ingeniosus
1070 2362 1130 2436 vir

80 2497 245 2595 Gruppe)
274 2497 527 2596 gratissimum
558 2498 714 2596 aenigma
749 2497 817 2572 tibi
842 2508 1069 2595 proponatur
1088 2498 1126 2570 in

80 2632 199 2729 priore
213 2631 453 2724 hemistichia
468 2633 568 2730 quod
583 2631 652 2705 sub
664 2631 738 2705 fine
752 2641 899 2705 tantum
916 2631 1127 2729 posterioris

79 2765 306 2865 explicatum
318 2766 464 2841 habeas.
482 2763 601 2838 Multa
614 2775 746 2861 praesto
767 2775 853 2838 sunt
878 2764 917 2837 in
938 2764 1015 2838 sola
1028 2763 1074 2838 el.
1092 2762 1124 2854 I,

82 2901 346 3000 lspecimina:

238 3162 368 3223 Divitias
382 3161 550 3240 aliussutao
563 3159 629 3220 subi
643 3164 784 3238 congerat
797 3177 880 3231 aare,

299 3278 339 3339 Et
354 3284 455 3340 teneat
468 3278 540 3338 culti
550 3276 655 3355 jugera
676 3274 768 3335 multu
780 3275 844 3334 soli.

812 3408 845 3469 tv·
867 3407 940 3470 rsqn

482 3543 720 3552 ...-—--——-—-

114 3758 149 3830 (1)
171 3759 238 3813 Cum
256 3757 405 3827 elegiarum
420 3755 638 3810 Tibullianarum
654 3771 760 3808 summa
782 3755 846 3822 (non
860 3751 952 3806 habita
967 3753 1123 3808 lacunarum

77 3847 375 3916 additamentorumque
413 3845 530 3916 ratione)
560 3844 611 3899 692
632 3841 756 3898 distichis
778 3846 895 3911 constet,
915 3843 948 3896 23
961 3842 1124 3912 pentametri

76 3937 246 4008 reperiuntur
259 3936 304 4006 qui
327 3935 354 3988 in
369 3935 541 4006 trisyllabum
562 3933 725 3989 vocabulum
742 3931 882 4001 desinunt,
903 3936 930 3985 et
944 3933 961 3984 4
973 3932 1123 3986 hexametri

77 4034 139 4097 post
160 4027 280 4097 quintam
301 4025 381 4078 arsim
400 4025 473 4081 caesi.
491 4055 525 4066 --
545 4025 616 4079 Nota
634 4023 719 4077 obiter
737 4021 927 4076 hexametrum
949 4020 1124 4092 spondiacum

77 4117 185 4188 penitus
200 4114 272 4187 apud
282 4114 420 4167 Tibullum
433 4113 559 4172 deficare,
