2766 4950
589 472 635 485 ..
664 434 710 505 37
736 472 785 487 ..

174 580 286 679 gratis
297 581 523 681 imaginibus
537 593 700 657 mentem
718 582 901 657 oblectent
919 612 927 655 ε
942 579 1045 678 atqui
1058 576 1222 653 Messala

173 705 266 779 nihil
278 717 425 804 poterat
450 733 527 783 esse
543 708 759 805 jucundius,
775 732 886 807 quam
903 730 1072 781 revocare
1083 728 1222 778 memo·

173 840 264 916 rium
283 841 331 915 ad
344 842 567 943 longinquas
583 867 666 917 oras
691 842 755 916 ubi
787 842 953 916 Romana
969 839 1123 938 imperia
1136 863 1218 937 gas·

174 986 280 1066 serat,
302 975 396 1050 nihil
415 977 649 1076 potissimum
661 1002 773 1076 quam
784 952 944 1051 Niliacas
958 974 1039 1049 illas
1053 973 1220 1072 regiones

173 1109 296 1184 animo
321 1110 490 1202 revisere,
511 1138 593 1211 quae
612 1122 702 1186 tunc
724 1110 910 1186 Romanas
931 1119 1073 1183 mentes
1098 1117 1219 1181 tanto·

173 1268 254 1341 pere
285 1243 544 1343 percellebant,
562 1246 754 1345 dequibus
790 1245 903 1319 dubio
931 1243 1058 1343 procul
1081 1243 1158 1339 ipse
1181 1242 1220 1315 in

173 1378 375 1452 amicorum
390 1379 525 1455 circulo
539 1381 650 1455 etiam
664 1390 776 1480 atque
789 1381 900 1455 etiam
922 1377 1104 1454 fabulatus
1119 1386 1219 1470 erat3

171 1537 288 1611 neque
305 1523 400 1589 certe
412 1540 495 1613 quae
508 1515 683 1590 Tibullus
700 1515 857 1589 addebat
868 1514 913 1588 de
932 1513 1077 1587 viarum
1090 1510 1221 1585 muni-

172 1645 337 1721 tionibus
361 1648 544 1745 praeconia
573 1646 738 1723 Messalae
762 1647 993 1723 mediocriter
1014 1645 1218 1745 placebant.

170 1776 304 1879 Itaque
327 1780 420 1880 eleg.
441 1779 472 1876 I,
493 1786 527 1869 7,
550 1783 703 1881 picturis
727 1782 862 1881 alioqui
888 1779 1123 1880 lepidissimis
1149 1779 1219 1852 dis·

168 1912 300 2000 tincta,
333 1916 627 2016 necquidquam
655 1917 764 1992 habet
797 1916 1016 2015 Panegyrici
1042 1915 1219 1988 vitiorum

169 2046 303 2133 simile,
322 2073 389 2122 nec
402 2049 557 2124 maturis
581 2050 719 2124 Tibulli
744 2051 849 2125 annis
870 2050 1025 2149 indigna
1043 2048 1216 2122 videtur:

166 2181 239 2257 etsi
266 2183 424 2257 concedo
438 2185 663 2282 poematium
676 2186 758 2276 hoc,
774 2212 838 2285 per
858 2185 1084 2260 occasionem
1106 2181 1216 2280 scrip·

164 2325 260 2410 tum,
278 2317 400 2392 forsan
411 2318 535 2393 minus
550 2332 713 2394 accurate
725 2320 914 2395 Tibullum
925 2319 1096 2418 polivisse
1107 2347 1117 2410 3
1130 2316 1219 2391 item

163 2451 359 2526 rhetoricis
381 2453 511 2551 figuris
532 2496 577 2508 -
597 2466 640 2528 ut
660 2458 704 2528 fit
727 2457 896 2555 quotiens
917 2453 1077 2528 materia>
1101 2451 1219 2526 tenui·

164 2595 332 2660 tatenon
352 2588 558 2663 sustinetur
573 2590 758 2687 scriptoris
781 2591 974 2689 ingenium
986 2631 1035 2645 -·-
1056 2586 1218 2684 singula·

162 2720 258 2794 riter
279 2719 437 2794 abusum
465 2748 566 2798 esse:
597 2724 660 2798 sed
683 2735 827 2823 poetam
856 2724 1013 2798 existere
1043 2720 1217 2795 continuo

162 2854 237 2928 sibi
251 2879 391 2952 parem,
406 2856 488 2954 quis
508 2857 706 2931 contendat
726 2859 742 2929 P

215 2988 422 3063 Redeamus
439 2990 485 3066 ad
498 2988 591 3091 eleg.
605 2989 635 3086 l,
654 2996 710 3066 10.
730 2990 815 3066 Non
834 2991 954 3065 solum
969 2992 1064 3065 hanc
1081 2990 1215 3065 scimus

161 3123 292 3223 elegiis
305 3124 351 3229 de
362 3125 469 3201 Delia
477 3128 635 3224 priorem
648 3128 729 3201 ideo
741 3153 832 3217 1111,
846 3127 932 3226 quia
947 3126 1215 3200 adulescentem

160 3258 305 3332 indicat
324 3260 441 3333 amori
465 3272 609 3353 natum,
630 3261 742 3335 nullis
767 3272 891 3335 tamen
913 3260 1046 3334 amoris
1073 3260 1213 3358 experi-

164 3393 304 3467 mentis
322 3394 540 3491 praeditum3
566 3423 694 3471 verum
709 3395 820 3469 etiam
832 3394 942 3494 paulo
955 3405 1039 3468 ante
1053 3395 1215 3493 Aquita-

165 3527 291 3600 nicam
307 3529 592 3627 expeditionem,
609 3531 647 3603 id
667 3541 722 3605 est
740 3532 890 3604 ineunte
905 3531 1030 3627 (juxta
1049 3540 1219 3603 nostrum

168 3660 418 3761 ratiocinium)
436 3690 495 3737 an.
518 3668 599 3758 724,
625 3665 798 3762 scriptam
828 3690 848 3737 a
875 3664 1048 3739 Tibullo:
1076 3663 1142 3738 vix
1164 3673 1219 3738 est

165 3795 268 3870 enim
287 3797 385 3895 quod
407 3799 511 3873 aliter
527 3826 564 3875 v.
581 3803 625 3873 15
645 3799 917 3897 interpreteris:

246 4009 338 4070 Naar
352 4010 383 4070 iu
396 4011 472 4072 bella
487 4012 596 4088 trahor,
611 4021 641 4074 et
660 4013 721 4091 jam
737 4014 803 4094 quis
818 4014 944 4074 forsitan
960 4013 1090 4072 hostis...
