2766 4950
581 440 774 511 ..31-

141 577 144 585 '
176 591 249 664 anni
282 594 351 666 725
380 590 636 690 navigaturus,
673 587 831 663 Messala
856 588 991 662 iterum
1018 615 1039 662 a
1066 587 1214 663 Tibullo

173 726 329 823 poposcit
352 735 395 800 ut
412 725 482 799 sibi
496 723 744 799 comitaretur.
772 721 968 813 Quomodo
989 722 1061 813 hic,
1080 723 1213 799 amoris

116 862 118 867 ’
173 861 281 958 primo
290 859 441 934 vinculo
454 859 664 952 devinctus,
678 857 785 931 amici
796 857 1056 932 invitationem
1068 882 1211 932 recusa-

171 995 270 1085 verit,
287 994 419 1069 deinde
442 1003 586 1068 mutato
607 991 759 1068 consilio
778 1016 911 1066 navem
935 992 1211 1086 conscenderit3

171 1129 350 1228 quomodo
382 1138 564 1228 aegrotans
589 1128 627 1200 in
650 1125 809 1226 Corcyra
832 1126 954 1201 insula
976 1138 1141 1201 moratus
1165 1128 1213 1203 sit

169 1274 345 1362 ruptoque
360 1263 489 1338 itinere
521 1261 706 1360 repetierit
735 1260 915 1336 Romam:
946 1262 985 1334 in
1014 1261 1140 1361 elegiis
1168 1262 1213 1336 de

170 1396 269 1472 Delia
284 1396 331 1496 (I,
350 1402 418 1471 let
433 1395 467 1495 3)
482 1396 670 1495 perspicue
694 1395 852 1471 videtur.
867 1395 941 1471 Hic
957 1406 1012 1471 est
1026 1397 1213 1472 notandus

168 1532 279 1606 obiter
304 1531 543 1630 gravissimus
583 1531 779 1630 Sigmundi
823 1529 964 1605 Teuffel
1003 1557 1112 1621 error,
1144 1533 1208 1629 qui

168 1676 284 1740 totum
314 1665 505 1740 subvertat
536 1665 675 1739 Tibulli
706 1666 911 1740 carminum
938 1677 1115 1754 tenorem,
1144 1667 1211 1741 hos

169 1798 329 1875 Deliacos
344 1798 603 1898 elegiasusque
617 1800 656 1872 in
677 1825 735 1873 an.
754 1803 824 1874 730
850 1799 895 1873 U.
911 1799 952 1875 O.
979 1800 1181 1875 differendo
1200 1829 1208 1874 :

169 1935 267 2033 quasi
289 1933 411 2008 denuo
434 1932 589 2008 Messala
606 1933 748 2008 fecisset
768 1933 807 2006 in
832 1933 998 2009 Ciliciam
1025 1935 1110 2031 iter,
1128 1948 1210 2035 post

169 2068 435 2168 expeditionem
469 2069 574 2165 cujus
619 2067 787 2142 Tibullus
815 2069 998 2167 expressis
1028 2069 1148 2144 verbis
1172 2070 1212 2145 in

168 2201 245 2296 el.I‚
258 2207 279 2277 7
291 2201 470 2276 meminit.
487 2200 557 2278 Sed
572 2202 621 2277 rei
633 2228 717 2276 cum
731 2228 778 2276 ne
789 2203 988 2301 vestigium
1003 2204 1151 2302 quidem
1163 2204 1212 2278 sit

167 2336 388 2425 inhistoriis,
405 2361 472 2411 nec
488 2361 588 2410 mera
601 2337 700 2411 docti
714 2337 784 2409 viri
798 2337 991 2435 phantasia
1007 2364 1075 2436 pro
1103 2364 1209 2438 argu·

166 2483 287 2547 mento
309 2471 434 2545 haberi
459 2482 581 2570 queat,
602 2471 705 2545 nulla
724 2471 828 2569 copia
853 2472 964 2546 datur
986 2482 1027 2546 ut
1042 2471 1210 2555 ‚Messalae

166 2606 241 2697 iter,
263 2605 417 2703 ideoque
429 2605 547 2703 prima
568 2606 613 2679 de
632 2605 738 2679 Delia
756 2606 918 2680 earmina
933 2618 1018 2705 post
1040 2631 1100 2681 an.
1124 2611 1206 2682 725.

167 2749 384 2815 statuantur.
399 2738 578 2839 Alioquin
591 2751 646 2814 est
661 2739 786 2816 Ovidii
800 2740 995 2836 distichon,
1010 2768 1083 2840 quo
1101 2740 1209 2817 Teuf-

166 2875 292 2950 leliana
318 2874 544 2973 computatio
578 2875 780 2949 necessario
820 2875 994 2950 labefiat:
1022 2877 1073 2950 sic
1112 2877 1210 2951 enim

166 3003 296 3076 affatur
310 3001 526 3098 Augustum
537 3000 576 3073 in
594 2998 628 3072 T
623 2999 698 3074 rint.
716 2999 781 3095 (H,
796 3027 833 3076 v.
852 3004 924 3074 462
937 3001 1007 3100 sq.)
1026 3029 1035 3074 τ

284 3258 655 3276 ............
659 3213 826 3294 legiturque
839 3213 987 3289 Tibullus,

320 3329 361 3390 Et
374 3328 482 3410 placet,
498 3333 528 3392 et
534 3326 601 3407 pam
615 3330 777 3408 tepriacipe
786 3333 875 3392 notus
885 3335 959 3391 erat.

161 3541 262 3617 idest
279 3567 335 3616 an.
358 3545 442 3631 726,
466 3567 581 3641 quum
607 3541 771 3640 primum
785 3543 1019 3620 Octavianus
1036 3543 1206 3643 princeps

161 3687 305 3752 senatus
323 3675 503 3750 salutatus
513 3687 581 3750 est.
604 3675 686 3769 Quo
704 3679 820 3777 igitur
840 3690 947 3778 pacto
970 3679 1124 3768 Teuffel,
1143 3679 1207 3778 qui

162 3808 350 3884 Tibullum
377 3810 594 3907 profiteatur
624 3822 709 3886 ante
732 3813 845 3886 finem
866 3809 953 3885 anni
988 3815 1059 3885 727
1083 3810 1206 3884 nullos

162 3969 287 4019 versus
298 3945 398 4040 (nam
406 3942 657 4042 Panegyricus
671 3946 764 4019 nihil
776 3945 843 4046 est)
858 3947 976 4019 adhuc
988 3944 1203 4038 condidisse,

164 4090 275 4175 poetae
289 4103 424 4153 nomen
438 4079 555 4174 fingat
562 4080 641 4175 jam
655 4080 764 4154 ivisse
776 4106 841 4179 per
856 4107 919 4155 ora
934 4079 1149 4154 hominum?
