2766 4950
606 413 802 483 ..96-

327 561 377 625 Tu
390 579 491 625 manea
502 579 540 624 na
551 560 626 624 lade
639 579 731 631 meos,
749 559 896 640 sedparee
909 561 1012 622 solutis

390 677 541 750 Crinibus,
553 713 594 726 -
605 683 635 742 eb
648 677 763 751 iruerrb,
779 676 875 748 Delia,
884 694 971 756 parre
979 677 1076 755 peuie.

854 789 1073 853 mmmmm)

574 898 814 908 ...α-ι-

168 1005 227 1080 vel
246 1006 357 1082 etiam
368 1006 468 1086 illic:

284 1165 291 1188 'p
331 1211 415 1286 Quid
428 1219 479 1275 tua
493 1230 574 1276 nuno
585 1213 646 1275 Iria
659 1216 743 1287 mibi,
759 1214 854 1285 Delia,
872 1247 909 1259 -
922 1215 995 1294 quid
1005 1213 1076 1274 mibi
1089 1215 1213 1292 prosunb

386 1329 449 1391 Ilia
464 1337 515 1392 tua
527 1329 639 1393 totiens
653 1350 713 1394 ura
725 1331 841 1412 repulsa
855 1331 972 1393 manui

867 1444 1075 1509 abafflmb

326 1685 405 1765 Ipsae
416 1688 501 1747 melia
516 1687 626 1748 dubaut
638 1707 769 1767 quaeue,
787 1723 825 1733 -
837 1687 1114 1767 ultraqueserebaut

391 1801 488 1865 Obvia
501 1803 612 1864 securis
626 1804 717 1866 ubera
732 1805 813 1866 luetis
828 1823 902 1866 eres.

745 1968 749 1979 ,
841 1919 928 1984 (rua,
945 1934 966 1968 v.
981 1920 1011 1967 45
1026 1916 1076 1981 sq.)

571 2017 814 2031 *—

170 2174 361 2252 Postremo
392 2204 624 2279 nequaquam
652 2180 730 2256 sine
755 2179 835 2280 lege
864 2177 1021 2252 disticha
1048 2176 1146 2250 inter
1176 2201 1215 2249 se

170 2323 421 2408 conseruntur,
447 2340 577 2388 verum
602 2314 741 2388 Tibulli
767 2325 821 2389 est
842 2339 883 2388 ea
911 2312 1126 2410 plerumque
1145 2311 1222 2383 tri-

165 2445 252 2544 plici
273 2447 362 2521 serie
389 2459 597 2540 conectere3
616 2450 714 2548 quod
739 2448 858 2546 primo
887 2446 1022 2520 obtutu
1048 2454 1218 2542 apparet,

41 2626 49 2646 ‚
165 2581 324 2679 exempli
347 2585 478 2681 gratia,
503 2584 542 2655 in
569 2583 613 2658 el.
636 2583 666 2674 Ι,
687 2588 759 2656 lv.
778 2585 892 2655 59-64
921 2579 985 2677 (Te
1007 2591 1219 2678 aperiera—

163 2714 281 2790 Flebr'e
296 2759 345 2770 —-
366 2716 515 2814 Flebis),
532 2718 578 2791 el.
598 2716 631 2806 I,
656 2721 676 2790 2
704 2744 740 2789 v.
759 2717 848 2790 7-12
865 2714 1003 2802 (Juuua
1025 2756 1073 2766 -
1087 2712 1215 2787 Jauua

164 2848 388 2947 -Etruaia)
410 2860 447 2924 et
464 2877 500 2924 ν.
522 2854 631 2924 17-22
649 2850 712 2949 (lu
755 2893 802 2903 —
817 2849 896 2923 Illa
920 2891 967 2901 -—
990 2845 1093 2944 Illa),
1111 2847 1157 2920 el.
1185 2845 1216 2939 Ι,

166 2985 197 3057 3'
213 3009 251 3057 v.
270 2986 377 3056 89-94
403 2983 573 3080 (Turn-
596 2984 684 3059 Tura
706 2981 875 3080 -Hea)‚
892 2981 938 3058 el.
957 2980 989 3072 I,
1006 2986 1026 3055 5
1046 3007 1083 3056 v.
1102 2985 1215 3056 11-16

167 3115 263 3215 (Ipse
276 3159 325 3172 -
339 3116 421 3217 Ipse
435 3117 587 3217 -Ipre)
602 3130 638 3193 et
651 3146 687 3192 V.
705 3122 793 3191 65-7
797 3121 818 3191 0
835 3116 994 3215 (Pauper
1008 3159 1057 3170 -
1070 3115 1216 3217 Pauper

166 3295 213 3306 —
239 3250 413 3351 Pauper),
445 3251 488 3326 el.
517 3250 549 3343 I,
580 3257 600 3326 6
629 3279 664 3327 v.
688 3255 798 3326 81-86
825 3250 947 3347 (Hauc
970 3291 1018 3304 -
1035 3250 1146 3326 Haue
1167 3294 1217 3306 -·

165 3384 280 3483 Haec),
314 3385 360 3460 el.
378 3383 411 3477 I,
437 3390 479 3460 10
508 3412 545 3459 v.
575 3389 686 3459 45-50
716 3385 868 3484 (Interea
885 3411 961 3484 pau
987 3428 1036 3438 —
1065 3385 1150 3459 Pau
1167 3428 1215 3438 —

162 3517 282 3618 Pare),
299 3529 388 3612 etc.;
404 3520 502 3618 quod
515 3520 590 3594 imo
609 3519 830 3618 perspicitur
850 3544 898 3594 ex
914 3518 1061 3618 integro
1088 3519 1215 3617 elegia

161 3651 194 3736 Ι,
220 3657 240 3726 2
269 3664 407 3743 tenore,
435 3679 517 3752 quae
542 3655 664 3728 iudea
686 3680 721 3727 V.
738 3657 782 3727 35
809 3678 923 3752 usque
947 3652 1212 3735 9111700011-

166 3788 272 3861 tinuo
292 3787 332 3860 in
346 3797 449 3861 terna
462 3787 619 3862 disticha
637 3787 754 3861 dividi
782 3797 917 3884 potest.

214 3918 275 3995 Ita
296 3921 495 3995 efformatis
520 3922 676 4022 singulis
705 3921 908 3997 carminum
927 3922 1105 4019 partibus,
1135 3948 1213 3996 non

164 4055 341 4128 minorem
355 4054 617 4129 admirabimur
635 4059 674 4129 in
687 4057 817 4131 iisdem
836 4055 1074 4152 disponendis
1096 4083 1211 4155 oppa·
