2766 4950
692 496 740 512 ..
766 458 812 528 80
837 495 885 507 .-

313 607 408 684 Oum
426 607 478 681 ita
492 607 648 706 singulis
662 607 787 706 elegiis
807 631 959 680 manum
982 631 1166 680 summam
1187 608 1313 685 deesse

261 741 412 842 liqueat,
426 767 501 816 non
527 742 658 818 dubito
677 743 808 818 saltem
824 742 914 841 quin
934 743 1158 840 completum
1178 742 1224 817 de
1236 741 1311 820 Ne·

261 875 353 949 mesi
365 876 502 949 librum
516 885 705 950 teneamus
719 876 875 951 :etenim
886 901 1062 951 numerus
1073 874 1134 950 ille
1149 877 1312 977 quinque

260 1036 370 1109 quem
388 1009 559 1086 Tibullus
578 1011 618 1084 in
632 1011 823 1110 partienda
840 1012 992 1086 materia
1007 1010 1223 1086 sollemnem
1244 1012 1311 1086 ha·

258 1143 340 1218 buit
361 1142 535 1243 (quinque
550 1145 675 1244 elegiae
692 1157 781 1219 sunt
790 1144 835 1219 de
844 1144 963 1238 Delia,
990 1145 1152 1244 quinque
1166 1145 1212 1220 de
1228 1145 1310 1222 Sul·

258 1277 374 1375 picia),
384 1278 529 1355 hicnon
542 1289 679 1354 temere
692 1305 881 1355 occurrere
892 1278 1051 1370 videtur,
1065 1279 1127 1355 sed
1141 1280 1311 1378 perfectae

259 1414 363 1490 seriei
379 1441 457 1490 esse
477 1415 670 1490 indicium.
689 1414 790 1491 Ordo
816 1441 960 1514 quoque
980 1416 1185 1490 carminum
1210 1416 1312 1492 idem

231 1538 233 1543 ’
260 1551 525 1648 propemodum
536 1550 643 1624 nobis
660 1550 818 1624 traditus
831 1561 901 1643 est,
922 1577 1032 1649 quem
1058 1561 1165 1649 poeta
1187 1553 1311 1651 praefi·

198 1765 201 1772 ,
260 1683 415 1759 niverat.
442 1684 503 1758 111.
538 1689 556 1756 l
591 1684 782 1758 manifesto
811 1684 1029 1782 prooemium
1057 1695 1113 1759 est
1141 1683 1311 1760 Nemesis

260 1844 428 1892 amorum
450 1817 509 1914 (cf.
531 1817 576 1892 el.
595 1817 628 1909 I,
651 1822 685 1909 1,
701 1818 745 1892 de
764 1817 907 1915 Delia);
936 1844 1089 1918 sequens
1116 1819 1162 1894 61.
1180 1824 1201 1893 3
1230 1831 1312 1894 tum

259 1952 418 2050 quadam
440 1953 602 2027 materiae
626 1953 896 2029 necessitudine
919 1980 1003 2027 eum
1027 1954 1110 2027 611
1139 1952 1309 2047 cohaeret,

258 2099 340 2162 turn
354 2113 420 2186 per
434 2087 585 2161 ultimos
603 2113 731 2162 versus
747 2088 875 2186 primis
889 2088 970 2162 614
984 2086 1150 2161 versibus
1164 2112 1313 2162 annexa

257 2231 326 2296 est.
362 2220 637 2294 Postremarum
666 2221 815 2320 quidem
844 2221 1043 2320 elegiarum
1072 2231 1223 2320 praestat
1249 2248 1310 2297 or·

257 2355 382 2429 dinem
396 2355 576 2430 invertere
592 2386 601 2429 :
615 2356 659 2430 61.
677 2358 796 2453 djure
816 2382 890 2454 prae
921 2357 967 2430 61.
991 2359 1011 2430 5
1037 2366 1206 2454 ponetur,
1233 2382 1312 2432 non

257 2489 379 2564 solum
400 2490 486 2589 quia
514 2489 593 2564 haec
620 2492 797 2588 aptiorem
815 2490 964 2566 videtur
995 2491 1134 2566 efficere
1162 2491 1312 2590 reliquae

258 2625 362 2700 seriei
379 2624 591 2719 clausulam,
607 2635 737 2700 verum
758 2626 868 2700 etiam
892 2636 1084 2724 propterea
1104 2626 1203 2724 quod
1217 2628 1311 2702 veri·

257 2759 442 2833 simillime
456 2761 495 2833 in
510 2759 579 2833 hoe
597 2760 764 2857 pulchro,
779 2761 842 2834 sed
854 2744 1054 2835 admodum
1067 2761 1313 2860 incomposito

256 2893 415 2968 carmine
448 2893 686 2968 novissimam
716 2894 893 2968 habemus
930 2894 1069 2967 Tibulli
1086 2893 1311 2972 lucubratio·

255 3051 350 3101 nem.
364 3025 539 3125 Alioquin
556 3053 603 3101 ex
615 3028 660 3101 el.
674 3032 694 3101 5
706 3028 791 3102 licet
801 3028 961 3125 spatium
970 3029 1146 3126 temporis
1160 3028 1313 3105 definire

257 3163 315 3236 cui
341 3160 569 3236 adscribendi
607 3162 681 3235 sint
726 3161 894 3236 Nemesis
924 3187 1101 3236 amores:
1132 3189 1216 3237 cum
1243 3164 1310 3257 ibi,
1360 3231 1364 3239 .

143 3270 145 3274 Ι
187 3335 189 3339 ⁴
256 3321 331 3370 non
360 3295 489 3370 multis
521 3296 708 3370 mensibus
739 3296 954 3395 priusquam
980 3297 1110 3387 obiret,
1140 3296 1313 3372 Tibullus

258 3430 442 3529 scripserit
460 3455 498 3504 se
517 3454 536 3503 r
553 3456 727 3505 annum»
750 3432 829 3528 jam
848 3432 900 3529 (1)
927 3431 1130 3529 cupidineis
1155 3415 1239 3506 telis
1254 3433 1311 3529 ja-

258 3679 289 3733 31
306 3696 349 3748 sq.
368 3680 472 3750 spurios
484 3697 543 3734 cese
557 3681 674 3739 credam.
691 3683 730 3734 At
745 3681 885 3748 Baehrens,
902 3699 1007 3751 semper
1020 3681 1088 3735 inre
1105 3679 1199 3736 critica
1212 3681 1311 3736 immo·

255 3767 342 3834 dicus,
358 3768 494 3822 incudem
510 3769 596 3838 elegia
610 3769 719 3823 Tibullo
734 3770 817 3824 nimio
829 3771 907 3840 plura
921 3770 1054 3830 detrahit,

251 3897 259 3909 .
288 3858 328 3928 (l)
351 3857 434 3912 Miror
456 3859 632 3927 quamobrem
653 3859 772 3929 plerique
793 3859 955 3929 interpretes
971 3860 1060 3918 hosv.
1082 3862 1132 3915 109
1146 3876 1185 3931 sq.
1199 3861 1228 3915 in
1243 3877 1309 3930 pro·
1370 3903 1373 3911 .

256 3947 345 4017 prium
366 3963 471 4000 sensura
488 3947 633 4018 accipiant,
655 3949 767 4019 perinde
781 3966 813 4003 ac
829 3950 851 4003 si
864 3949 896 4003 de
910 3967 972 4003 vero
985 3950 1079 4004 morbo
1091 3956 1199 4019 agatur.
1217 3950 1310 4003 Enim·

255 4052 326 4103 vero,
344 4034 367 4088 si
382 4035 572 4090 antecedentia
585 4037 742 4107 perlegeris,
760 4037 883 4092 dubitare
903 4056 1019 4109 nequeas
1043 4039 1108 4108 quin
1132 4062 1144 4088 6
1161 4037 1301 4092 morbus»

251 4123 297 4176 ille
316 4146 329 4174 «
345 4125 430 4178 saucii
447 4147 459 4174 u
481 4126 584 4181 Tibulli
599 4144 646 4197 pro
662 4145 752 4181 amore
777 4128 959 4197 metaphorice
976 4130 1011 4183 sit
1023 4134 1177 4199 usurpatus.
