2766 4950
528 466 725 536 ...83-

105 611 198 685 citur
208 613 305 687 inter
318 639 424 713 agros
440 624 550 688 natus
567 638 585 686 r
601 626 637 693 et
651 613 755 687 «illic
769 613 918 688 indocto
932 637 969 686 se
986 609 1152 687 exercuit

102 772 185 820 areu
201 772 218 820 a
235 777 244 822 ε

280 960 339 1022 Hei
354 961 439 1035 mihi,
457 980 546 1042 quam
558 960 661 1022 doctas
676 979 757 1022 nune
769 959 860 1022 habet
874 958 923 1020 ille
937 976 1043 1019 manus
1056 954 1063 1019 !

98 1202 281 1276 exclamat
291 1233 300 1294 ;
327 1214 362 1276 et
380 1202 491 1297 paulo
508 1201 624 1276 infra:

196 1435 242 1495 Ah
255 1435 352 1496 miseri
357 1453 453 1515 ‚qnos
466 1435 515 1495 hie
530 1434 661 1512 graviter
671 1432 744 1494 deus
757 1438 843 1512 urget
853 1431 899 1494 l...

96 1675 170 1750 Ubi
181 1676 310 1750 velatis
323 1676 444 1750 verbis
457 1674 604 1765 amoris,
615 1672 786 1772 illiusque
800 1674 928 1770 asperi,
944 1674 1143 1771 primordia

95 1810 289 1909 significat.

144 1944 277 2018 Primae
295 1943 419 2042 elegiae
435 1943 629 2017 artificiose
646 1943 816 2041 opposita
837 1953 892 2017 est
924 1942 969 2015 el.
983 1942 1023 2015 3:
1047 1962 1142 2031 rura,

93 2078 169 2152 illic
196 2078 400 2176 generatim
430 2078 589 2170 laudata,
614 2077 675 2152 hie
704 2079 742 2150 in
770 2076 959 2151 fastidium
996 2071 1145 2147 Tibullo

92 2223 254 2302 vertunt,
271 2212 406 2285 ideirco
423 2213 536 2310 quod,
555 2212 687 2310 inquit,

192 2442 273 2502 Rura
286 2461 381 2502 meam
396 2442 533 2522 villaeque
549 2448 663 2512 tenent,
679 2441 821 2513 cornute,
837 2442 976 2522 puellam.
997 2447 1000 2452 '

92 2683 186 2783 Agri
209 2685 287 2780 jam
318 2684 473 2757 «tristes
489 2711 505 2750 a
539 2693 822 2780 nuncupantur3
845 2695 958 2781 utque
987 2684 1025 2755 in
1055 2684 1134 2758 el.l

90 2818 142 2890 dii
167 2819 361 2916 magnifice
380 2818 601 2912 colebantur,
622 2818 756 2916 quibus
780 2818 990 2892 auctoribus
1016 2818 1135 2890 homi·

90 2978 181 3027 num
195 2979 311 3051 genus
328 2977 346 3026 <<
364 2978 500 3051 querna
513 2952 645 3050 glande
659 2977 676 3023 r>
690 2953 788 3050 pasci
802 2953 981 3042 desuevit,
998 2953 1135 3050 primos

93 3112 110 3159 r
130 3110 236 3161 aurea
255 3111 327 3159 uva
345 3086 446 3159 dedit
463 3087 658 3183 liquores»
679 3085 727 3174 (v.
743 3089 788 3159 38
806 3085 918 3184 sqq.),
942 3087 993 3160 sie
1009 3112 1137 3158 rursus

92 3222 315 3295 eontrarium
334 3221 402 3293 hoe
417 3220 460 3292 fit
483 3221 522 3291 in
544 3220 589 3292 el.
615 3223 635 3291 3
660 3230 791 3292 votum
812 3220 860 3314 (v.
883 3218 965 3317 68):

269 3449 361 3509 Glans
376 3449 447 3518 alat,
462 3454 491 3508 et
506 3448 602 3527 priseo
615 3467 694 3509 more
709 3448 851 3508 bibantur
872 3448 976 3528 aquael

85 3698 257 3774 Ceterum
273 3700 399 3773 multae
422 3726 477 3774 res
491 3700 530 3771 in
556 3699 626 3772 hoo
648 3723 793 3772 carmen
817 3709 1010 3798 congestae,
1037 3702 1134 3798 quod

82 3836 158 3931 jam
182 3835 345 3908 vidimus
371 3836 489 3908 tribus
516 3834 690 3932 separatis
714 3834 930 3931 fragmentis
955 3846 1135 3909 constare.

86 3967 251 4043 Primam
271 3971 343 4043 fere
357 3980 497 4067 partem
512 3969 561 4066 (V.
584 3972 681 4064 1-34)
699 3968 811 4066 longa
829 3968 1008 4066 digressio
1022 3972 1135 4066 possi-

90 4103 152 4176 det
175 4103 217 4176 de
246 4103 385 4177 Phoebo
414 4103 566 4176 Admeti
596 4102 720 4191 boves,
745 4101 878 4175 amoris
901 4103 1032 4200 gratia,
1056 4129 1131 4200 pas·
