2766 4950
608 483 799 552 ,62-

176 631 257 707 buit
267 633 307 706 in
320 631 470 707 deliciis.
487 631 610 708 Hosce
623 629 784 707 Marathi
799 656 941 707 amores
953 631 985 707 si
998 632 1094 706 cirea
1110 654 1228 705 annos

175 769 336 841 lua-729
360 767 536 865 posueris,
563 766 663 840 haud
687 766 850 840 multum
869 764 1091 840 aberrabisa
1113 789 1223 856 ver03

174 911 212 973 at
230 898 346 973 Deliae
361 900 492 975 saltem
513 866 698 974 amoribus
713 910 811 973 certo
825 897 1083 998 postponendi,
1102 922 1218 997 qnan-

171 1033 421 1132 quamplures
440 1034 540 1108 docti
566 1037 619 1127 (et
642 1032 849 1108 necessario
876 1034 1113 1133 quicumque,
1141 1055 1222 1108 cum

174 1166 380 1266 Sigmundo
396 1167 547 1262 Teuffel,
563 1166 610 1241 el.
626 1166 671 1241 de
685 1166 792 1241 Delia
804 1168 973 1266 usquein
986 1193 1047 1241 an.
1060 1169 1132 1242 730
1146 1190 1222 1265 pre

171 1296 309 1392 ferunt)
324 1298 462 1395 priores
474 1324 553 1372 1111
569 1296 615 1371 de
633 1294 802 1370 Marathe
818 1297 964 1397 elegias,
984 1296 1063 1372 sive
1076 1307 1224 1395 propter

173 1431 309 1506 amoris
320 1442 506 1523 naturam,
517 1457 582 1506 seu
589 1458 664 1529 praa
676 1433 882 1507 carminum
891 1430 1106 1506 condicione
1125 1429 1224 1505 evin·

170 1591 249 1639 cere
260 1564 441 1640 laborant.
464 1565 536 1641 Sed
550 1567 699 1657 frustra,
722 1593 804 1641 mea
823 1566 1021 1657 sententia,
1037 1564 1221 1640 laborant.

171 1700 227 1773 Ac
254 1700 373 1798 primo
391 1699 699 1774 verisimillimum
718 1700 814 1776 duco
840 1699 1045 1790 Tibullum,
1066 1698 1224 1796 abrupta

170 1859 255 1907 cum
270 1831 376 1907 Delia
389 1834 653 1909 consuetudine
674 1846 885 1932 pertaesum,
908 1835 995 1909 inde
1017 1832 1220 1932 iunequio·

159 1974 225 2043 'res
239 1967 322 2043 illos
336 1995 477 2044 amores
507 1968 714 2068 delapsum,
727 1969 866 2044 nedum
881 1968 1088 2069 Sigmundo
1107 1967 1216 2043 Teuf-

167 2104 216 2178 fel
232 2105 426 2179 concedam
445 2105 669 2179 contrarium
682 2106 848 2181 ordinem
868 2105 987 2203 magis
1011 2130 1089 2178 esse
1106 2115 1216 2178 natu·

163 2212 448 2337 'rac-congruum.
469 2238 651 2338 Deinceps
668 2240 865 2339 mirorquo
886 2249 994 2338 pacto
1017 2215 1117 2312 idem
1131 2263 1217 2313 con·

166 2371 315 2447 tendere
327 2373 488 2471 potuerit
501 2373 695 2447 Tibullum
705 2374 831 2472 elegiis
845 2373 891 2447 de
906 2371 1075 2446 Marathe
1095 2371 1216 2446 adhuc

157 2507 400 2605 peregrinum
413 2508 453 2580 in
466 2507 632 2582 femineis
646 2507 755 2582 rebus
769 2507 949 2594 exhiberi,
976 2533 1061 2582 cum
1081 2505 1134 2580 ibi
1152 2530 1217 2604 per

166 2639 303 2714 multos
312 2667 439 2716 versus
454 2652 595 2716 constet
611 2635 697 2738 (vid.
720 2641 768 2715 el.
790 2647 824 2735 8,
850 2645 921 2734 l·6,
948 2643 1084 2734 25·38;
1109 2639 1157 2714 el.
1178 2642 1213 2730 9,

155 2773 424 2874 '5374)juveni
435 2776 515 2873 jam
532 2775 768 2849 muliebrium
796 2776 996 2850 affectuum
1022 2773 1215 2848 subtilissi-

164 2934 264 2982 mam
299 2909 564 3007 experientiam
605 2909 742 2985 adesse.
770 2909 807 2984 N
808 2936 856 2984 on
883 2910 1004 3010 magis
1033 2907 1213 3007 perspicio

165 3042 255 3139 quid
266 3042 335 3117 sibi
349 3043 439 3117 velit
453 3044 552 3141 quod
568 3043 684 3134 addit,
713 3045 812 3143 apud
840 3042 1051 3118 Marathum
1073 3041 1213 3116 urbana

156 3186 312 3276 -tantum
336 3177 447 3251 modo
472 3177 752 3267 oblectamenta,
779 3178 958 3268 nondum,
975 3187 1017 3250 ut
1045 3176 1089 3250 fit
1116 3172 1212 3274 apud

165 3305 321 3399 Deliam,
342 3308 497 3383 rusticas
522 3334 578 3383 res
600 3309 798 3382 celebrari:
818 3333 977 3406 namque
991 3307 1030 3379 in
1044 3306 1211 3404 pluribus

164 3443 209 3518 de
224 3442 372 3518 Nemesi
385 3444 520 3544 elegiis,
535 3445 574 3516 in
589 3444 759 3518 omnibus
772 3442 817 3517 de
832 3441 987 3541 Glycera
1005 3452 1044 3515 et
1062 3441 1109 3516 de
1131 3436 1210 3516 Sul·

163 3576 267 3675 picia‚
283 3602 365 3674 quae
380 3587 476 3651 certe
493 3589 617 3650 tamen
633 3577 748 3650 serius
763 3575 936 3650 confectae
951 3585 1053 3665 sunt,
1070 3597 1207 3648 never·

154 3703 254 3801 'bum
270 3701 419 3800 quidem
433 3701 478 3776 de
490 3703 584 3775 ruris
600 3702 723 3776 studio
737 3712 908 3801 apparet3
922 3712 958 3776 et
970 3725 1073 3774 nunc
1087 3698 1210 3797 utique

163 3865 240 3914 non
267 3849 345 3914 erat
373 3838 489 3913 locus.
514 3838 683 3936 Denique
711 3865 789 3913 non
812 3838 951 3912 infitias
972 3863 1015 3912 eo
1041 3835 1114 3911 tria
1136 3833 1210 3909 haec

163 3973 334 4066 carmina,
350 3973 517 4072 quamvis
530 3973 762 4073 perpulchra,
775 3972 884 4072 paulo
907 3971 990 4070 plus
1011 3995 1122 4069 quam
1138 3992 1208 4044 car·

163 4108 263 4183 mina
281 4108 326 4184 de
351 4107 457 4183 Delia
476 4108 663 4184 rhetoricis
678 4109 770 4185 fucis
792 4132 938 4208 aspersa
959 4131 1037 4182 1111
1056 4128 1206 4180 :verum
