2738 4942
497 412 546 424 -
573 369 618 444 25
646 414 695 425 ...

10 584 14 593 .
61 519 111 595 de
126 520 268 603 Tibulli
286 522 412 596 funere
424 521 588 620 pulchra,
604 522 667 597 sed
683 523 991 598 documentorum
1007 525 1122 624 inope

63 653 183 755 elegia
194 627 249 710 “-
263 654 409 731 Horatii
422 654 501 732 Ode
514 655 543 749 Ι,
556 657 602 729 33
625 666 663 730 et
680 654 851 754 Epistula
868 656 949 749 I,4:
967 668 1123 758 utraque

63 787 112 862 ad
127 813 147 862 c
164 788 322 864 Albium
341 813 359 863 a
377 791 523 888 scripta,
539 815 648 890 quem
662 789 768 865 latini
779 791 1017 889 grammatici
1036 817 1120 866 nos·

62 933 170 997 trum
182 949 262 999 esse
279 923 470 998 Tibullum
484 924 584 999 haud
601 924 882 1013 dubitaverunt,
901 889 1026 1000 omnds
1037 925 1120 1000 hac·

10 1066 17 1083 '
62 1066 176 1132 tenus
200 1068 325 1135 ratum
342 1058 549 1135 habebant:
567 1058 632 1134 sed
656 1084 736 1134 rem
753 1086 838 1135 cum
861 1085 981 1158 nuper
1002 1085 1115 1159 nega·

61 1192 164 1269 verit
176 1193 351 1269 Baehrens
365 1194 428 1292 (1),
443 1195 569 1294 paucis
586 1195 648 1269 hic
663 1194 815 1294 expedit
839 1195 1066 1270 confirmare.

114 1326 262 1420 Albius,
285 1329 403 1428 qualis
430 1330 476 1406 ab
500 1327 656 1405 Horatio
683 1329 911 1428 depingitur,
925 1338 1035 1429 poeta
1062 1340 1117 1405 est

64 1484 84 1534 u
101 1460 369 1538 miserabilium
384 1464 573 1564 elegorum
588 1489 607 1538 a
629 1476 770 1557 auctor,
795 1489 814 1538 c(
829 1475 974 1563 pectore
988 1487 1007 1536 a
1023 1490 1116 1562 prae·

61 1593 181 1683 ditus,
211 1597 376 1674 asamar)
399 1600 552 1700 insuper
576 1611 740 1677 ornatus.
769 1599 872 1676 Num
898 1625 985 1698 ergo
1013 1598 1117 1674 facile

60 1731 299 1808 existimetur
314 1733 407 1810 duos
428 1735 560 1811 Albios
577 1735 689 1837 (quod
707 1761 843 1811 nomen
868 1760 944 1810 non
970 1736 1022 1809 ita
1035 1733 1115 1808 vul-

57 1862 162 1964 gare)
200 1867 291 1943 adeo
327 1894 432 1968 pares
459 1870 588 1945 eadem
621 1880 839 1969 tempestate
866 1868 1045 1960 floruisse,
1075 1868 1115 1941 in

58 2010 238 2099 promptu
253 2014 330 2078 est:
346 2029 414 2079 neo
425 2005 621 2104 quisquam
636 2016 732 2081 certe
745 2005 879 2099 credat,
895 2003 969 2078 nisi
988 2013 1117 2102 poten-

57 2130 216 2208 tissimis
233 2147 381 2212 coactus
395 2140 636 2239 argumentis.
647 2139 751 2215 Talia
766 2149 892 2214 autem
903 2137 1011 2211 valde
1023 2136 1117 2210 desi·

57 2263 237 2344 derantur
245 2269 348 2382 apud
363 2273 559 2350 AEmilium
571 2275 758 2350 Baehrens.
783 2273 900 2349 Taceo
919 2270 1113 2370 Glyceram

54 2397 162 2476 illam
191 2404 231 2478 in
263 2406 334 2481 oda
359 2406 389 2500 I,
418 2413 464 2483 33
494 2420 745 2503 memoratam,
770 2436 881 2509 quam
904 2407 1026 2484 nescio
1046 2431 1112 2481 cur

56 2534 235 2614 Baehrens
248 2541 289 2615 in
303 2568 426 2620 amore
441 2544 581 2619 Tibulli
592 2545 816 2645 aliquamdiu
832 2544 944 2618 fuisse
958 2541 1111 2617 omnino

54 2695 136 2748 non
161 2673 284 2752 sinat:
313 2678 401 2753 satis
427 2691 483 2755 est
504 2681 698 2757 observare
725 2679 765 2753 in
795 2677 968 2777 praesenti
994 2679 1041 2772 (2)
1061 2702 1108 2751 ex

56 2805 186 2884 Ovidii
202 2821 291 2886 nota
309 2812 424 2913 elegia
448 2813 585 2912 (Amor.
592 2874 602 2909 ,
623 2813 698 2906 ΙΙΙ,
717 2813 772 2910 9),
786 2812 852 2886 ubi
868 2810 1010 2886 Delia«
1030 2809 1110 2908 pri-

52 2968 141 3018 mus
156 2969 259 3020 amor
273 2970 293 3021 a
308 2959 439 3047 poetae,
456 2947 623 3024 Nemesis
641 2973 660 3023 c
680 2973 767 3023 cura
780 2972 904 3022 recens
922 2968 941 3017 a
959 2943 1107 3032 dicitur,

51 3073 169 3154 nullo·
184 3092 293 3180 pacto
322 3083 492 3158 concludi
513 3109 630 3183 posse,
657 3108 849 3182 nunquam
883 3081 963 3178 ejus
992 3078 1109 3153 menti

52 3215 172 3290 alium
187 3217 328 3294 subisse
337 3244 508 3294 amorem.
524 3223 571 3293 lt
588 3218 769 3318 praecipue
781 3216 921 3291 insistit
929 3212 1107 3288 Baehrens

51 3351 137 3428 loco
154 3351 211 3426 illi
225 3353 391 3452 epistulae
406 3352 436 3444 Ι,
450 3360 484 3449 4,
498 3354 562 3428 ubi
574 3353 754 3428 Horatius
769 3352 813 3428 ab
828 3350 940 3428 Albio
951 3348 1083 3450 quaerit
1096 3377 1105 3423 ε

52 3487 154 3582 Quid
166 3497 204 3563 te
216 3513 316 3564 nunc
325 3489 440 3565 facere
452 3489 584 3581 dicam,

175 3693 307 3758 Scribere
319 3694 399 3777 quod
413 3695 496 3758 (lassi
510 3693 678 3757 Parmensis
689 3692 832 3774 opuscula
849 3690 973 3754 vincat?

87 3924 127 3994 (l)
152 3921 317 3979 Tibulliaclre
331 3922 450 3991 Blatter,
466 3921 501 3979 Η.

87 4013 129 4083 (2)
147 4009 212 4070 vid.
227 4010 302 4065 infra
317 4012 388 4082 (cap.
398 4010 438 4079 Ν)
455 4013 540 4064 totam
553 4007 587 4062 de
606 4005 725 4077 Glycera
737 4003 930 4102 quaestionem,
1055 4098 1057 4103 ,
