2766 4950
515 526 563 539 ..
592 489 635 558 79
662 527 710 540 -

92 637 154 710 rit:
166 662 251 711 cum
264 662 351 710 vero
366 662 441 710 non
453 637 545 710 alius
559 638 607 711 sit
615 639 785 712 carminis
799 636 901 712 locus
914 637 979 711 ubi
993 634 1136 711 easdem

91 794 265 866 queamus
277 769 461 864 collocare,
479 772 644 869 sequitur
659 782 702 845 ut
714 771 996 870 interpolatione
1013 769 1137 868 aliqua

91 901 176 976 huic
191 903 316 1002 elegiae
330 903 476 977 insertae
494 903 581 978 sint.
609 903 804 979 Insolitam
826 916 948 980 autem
969 905 1080 978 habes
1099 904 1137 975 in

90 1037 210 1134 priore
225 1037 434 1135 parenthesi
458 1039 754 1137 interpolamenti
779 1051 970 1115 naturam:
987 1040 1018 1111 si
1040 1037 1138 1112 enim

91 1169 339 1269 fragmentum
352 1171 450 1270 quod
474 1199 494 1246 a
516 1199 553 1248 v.
570 1175 615 1246 23
636 1174 733 1247 adv.
753 1178 798 1248 38
817 1184 918 1272 patet
945 1173 1140 1272 diligenter

92 1305 311 1403 inspexeris,
324 1306 393 1379 hoc
407 1304 605 1403 comperies
620 1306 847 1406 lepidissimo
860 1307 945 1382 stilo
960 1308 1139 1404 scriptum

93 1438 374 1538 Tibullianoque
387 1440 590 1514 charactere
604 1441 836 1540 insignitum,
847 1442 957 1515 simul
972 1442 1138 1516 animad-

92 1585 212 1650 vertes
226 1574 351 1649 eadem
367 1573 439 1648 fere
454 1601 534 1672 quae
548 1573 666 1648 fusius
680 1575 739 1648 hic
759 1587 867 1674 atque
880 1576 1047 1650 bucolico
1060 1601 1140 1651 ma·

91 1711 149 1810 gis
159 1734 259 1784 more
273 1734 445 1807 expressa
460 1710 545 1801 sint,
555 1709 664 1806 paulo
678 1710 773 1783 infra
785 1713 835 1806 (v.
852 1712 974 1808 55-62)
988 1711 1136 1804 iterum,

94 1856 132 1918 at
145 1844 293 1918 brevius
301 1843 646 1942 vehementiusque,
658 1845 868 1943 significari.
889 1844 987 1936 Quid
996 1846 1140 1944 igitur?

93 1989 238 2077 oportet
252 1978 296 2051 ad
310 1978 404 2051 hanc
420 1978 691 2053 conclusionem
702 1979 904 2053 inducaris:
923 1978 1081 2078 longum
1096 1981 1140 2055 de

93 2135 167 2207 quo
182 2108 305 2208 agitur
317 2109 565 2206 fragmentum
587 2134 661 2181 non
675 2133 753 2183 esse
768 2109 921 2183 litterati
945 2109 1141 2206 cujuslibet

93 2244 365 2342 interpolatoris
389 2269 492 2340 opus,
515 2243 576 2316 sed
606 2244 753 2341 abipso
777 2245 958 2341 proficisci
977 2244 1138 2335 Tibulle,

94 2380 159 2477 qui
173 2379 394 2453 sententiam
404 2379 522 2476 primo
536 2379 592 2451 his
606 2378 717 2477 elegis
735 2379 956 2477 explicatam
971 2381 1141 2480 deinceps

94 2514 198 2588 aliter
217 2525 371 2588 tractare
386 2512 567 2604 maluerit,
587 2513 745 2610 priorem
765 2539 851 2588 vero
865 2515 1086 2612 scripturam
1101 2517 1141 2590 in

94 2659 258 2722 extrema
280 2647 412 2720 scheda
434 2647 634 2745 reliquerit.
665 2645 770 2740 Item,
795 2649 864 2721 etsi
889 2649 1014 2736 minus
1040 2676 1136 2748 pers·

94 2784 200 2893 picua
212 2808 268 2856 res
280 2793 348 2870 est,
365 2806 430 2879 pro
443 2781 695 2854 additamento
718 2781 904 2855 habendos
925 2809 1002 2858 esse
1017 2787 1137 2882 suspi-

95 2943 165 3009 cor,
182 2917 257 2991 sive
271 2916 482 2989 Tibulliana
495 2915 612 3013 origo,
627 2914 702 2988 sive
716 2914 833 2989 aliena
846 2928 1058 3015 reputatur:
1073 2918 1140 2993 ele·

93 3054 162 3151 giac
180 3053 456 3126 lversus39-42
469 3061 505 3123 et
516 3052 640 3140 51-60;
655 3048 699 3122 el.
714 3054 734 3121 3
747 3076 783 3122 v.
800 3056 908 3123 41-46
927 3081 934 3124 :
949 3052 990 3125 el.
1004 3057 1024 3124 6
1039 3080 1075 3126 v.
1096 3055 1141 3127 23

95 3214 147 3285 sq.
166 3186 274 3260 Unde
288 3186 357 3259 hoo
371 3185 415 3259 de
439 3184 523 3257 libri
537 3181 579 3255 Π
607 3184 823 3257 formatione
845 3185 883 3256 in
909 3213 1053 3260 summa
1078 3214 1142 3285 po-

93 3347 178 3396 nere
198 3321 294 3410 lluet,
318 3320 452 3417 elegias
476 3317 643 3391 nondum
659 3318 830 3391 omnibus
857 3321 1020 3395 numeris
1043 3323 1143 3397 abso·

93 3454 189 3528 lutas
200 3453 776 3551 collegisseeditores;rejectanea
785 3453 951 3550 quadam
961 3456 1141 3554 vel(quod

94 3590 212 3687 aiunt)
228 3590 356 3663 lacerto
375 3587 452 3662 sede
473 3613 553 3684 qua
573 3587 611 3658 in
637 3586 777 3660 schedis
802 3587 1019 3664 Tibullianis
1035 3591 1140 3689 lege-

92 3722 229 3794 bantur
249 3720 452 3794 carminum
473 3717 609 3801 textui,
629 3728 715 3790 utut
737 3730 900 3813 possent,
922 3720 1140 3817 inseruisse3

93 3854 280 3928 interdum
306 3853 417 3927 etiam
426 3853 620 3948 juncturas
643 3875 709 3923 suo
736 3864 851 3925 marte
872 3852 1055 3926 addidisse
1071 3852 1137 3950 (1).

129 4068 167 4139 (1)
184 4068 216 4120 In
231 4067 265 4121 el.
283 4067 299 4121 5
315 4066 441 4120 videlicet
464 4063 592 4118 Baehrens
608 4079 661 4114 non
675 4061 789 4115 absurde
804 4064 919 4132 conjicit
937 4081 1029 4118 versus
1049 4065 1139 4130 19-22,

95 4157 278 4212 commissura
298 4154 435 4210 faciendae
457 4152 554 4221 gratia,
578 4150 613 4203 ab
635 4149 736 4203 editore
756 4151 896 4208 conflatos.
915 4155 1015 4207 Versus
1038 4162 1141 4223 quoque
