2766 4950
604 489 645 502 ..
678 450 724 520 53
750 488 799 500 ..

194 591 308 668 midini
322 620 405 694 spes
420 595 536 674 Deliae
558 596 845 697 complectendas
858 624 867 689 ;
881 603 919 668 et
931 590 1056 691 eleglae
1070 588 1110 661 in
1127 609 1227 660 sum·

190 750 274 802 mam
291 754 483 827 processus
504 731 565 806 hic
585 741 652 826 est,
666 742 709 807 ut
721 730 919 829 primuma
938 722 1098 802 turbidis
1120 719 1228 795 atris·

189 884 248 960 que
260 864 370 938 rebus
385 875 529 956 exorta,
548 890 675 942 serena
688 864 838 940 tandem
856 861 1091 960 adipiscatur.

227 994 478 1075 Pulcherrima
489 1000 552 1075 illa
567 1001 612 1077 el.
625 1005 646 1075 3
657 1001 757 1100 prior
766 994 1042 1073 consuetudinis
1056 1014 1140 1091 pars
1154 999 1223 1063 ter·

122 1214 124 1223 ¹
183 1127 347 1226 umatus,
359 1158 440 1232 quae
453 1134 615 1234 quidem,
625 1133 695 1209 etsi
704 1143 781 1209 tam
793 1132 921 1207 multae
939 1130 1068 1203 insunt
1081 1125 1126 1200 de
1137 1121 1224 1199 belli

179 1257 427 1361 incommodis,
444 1266 491 1343 de
504 1268 635 1367 puellae
647 1266 827 1360 custodia,
842 1265 888 1341 de
895 1266 969 1340 leto
983 1259 1133 1361 urgenti
1140 1280 1224 1357 que·

176 1397 265 1493 relae,
281 1422 455 1500 prospera
468 1402 676 1502 nuncupari
688 1412 810 1501 potest
828 1398 1020 1476 :Tibullus
1035 1394 1134 1472 enim
1145 1392 1223 1465 hu-

171 1552 309 1631 cusque
330 1546 477 1612 amatus
498 1537 648 1612 amavit.
681 1536 708 1612 J
709 1561 870 1611 amnunc
891 1533 952 1630 (cl.
978 1536 998 1606 5
1024 1542 1061 1607 et
1080 1531 1132 1628 6.)
1155 1554 1223 1628 pu·

164 1687 255 1742 rum
281 1670 412 1744 calum
438 1671 568 1746 nubila
593 1672 792 1747 obscurant
804 1699 815 1764 ;
843 1672 925 1769 jam
950 1665 1124 1742 Tibullus
1144 1688 1221 1737 non

163 1801 282 1877 modo
306 1829 364 1879 res
388 1805 529 1903 patitur
550 1806 730 1902 adversas,
761 1805 824 1881 sed
843 1804 958 1905 ipsius
990 1798 1223 1877 excruciatur

159 1936 475 2031 puellaelevitatc.

219 2074 361 2176 Nempe
385 2077 515 2155 illuxit
543 2079 605 2155 illc
620 2081 707 2173 dies,
722 2105 831 2179 quem
850 2080 889 2153 in
903 2079 977 2153 fine
1003 2077 1080 2152 el.3
1108 2098 1219 2171 expe·

159 2209 218 2284 tit
228 2221 271 2286 ut
286 2211 355 2286 sibi
368 2212 494 2312 sospiti
510 2215 657 2289 Aurora

391 2473 397 2486 .
444 2471 452 2487 .
497 2476 503 2488 .
539 2428 631 2491 roseis
648 2427 775 2491 candida
789 2433 887 2510 portet
900 2428 993 2508 equis.

166 2643 255 2722 Dies
268 2674 354 2724 vero
372 2675 439 2748 pro
456 2653 609 2749 speratis
620 2652 766 2750 gaudiis
779 2661 936 2752 quantos
951 2673 1106 2749 angores
1131 2645 1219 2721 alla-

166 2789 300 2862 turusl
325 2791 489 2863 Amatori
524 2790 681 2883 cuidam,
709 2792 771 2865 cui
811 2789 1002 2865 Tibullum
1030 2787 1219 2860 absentem

170 2921 338 3021 praesagis
348 2923 514 2999 versibus
524 2924 729 3022 (el.3,v.81
742 2928 811 3024 sq.)
824 2921 1215 3013 maledicerevidimus,

169 3048 283 3146 Delia,
302 3058 457 3156 pellecta
482 3059 600 3158 donis,
623 3061 798 3152 indulsit;
816 3059 988 3134 «fruitur
1011 3082 1111 3131 nunc
1126 3055 1216 3130 alter

168 3213 295 3265 ancora
309 3190 317 3264 l
339 3215 358 3264 ))
376 3189 486 3284 Quid,
499 3194 556 3268 his
567 3197 777 3294 compertis,
793 3195 941 3270 delusus
956 3218 1083 3268 amans
1098 3191 1214 3292 egerit

167 3349 212 3397 ex
227 3323 303 3398 eis
314 3324 420 3400 initio
432 3329 672 3427 perspicimus
686 3341 863 3428 :stupere
875 3327 1072 3428 indignari,
1087 3350 1213 3425 aspera

166 3468 200 3532 et
214 3458 410 3558 magnifica
422 3462 536 3561 loqui,
552 3464 772 3562 sempiterna
777 3466 902 3562 jurare
920 3462 1071 3558 oblivia3
1086 3462 1211 3537 statim

165 3602 205 3666 ut
234 3591 413 3690 discessit,
442 3597 594 3673 moleste
617 3600 708 3676 ferre
736 3598 944 3691 discidium,
975 3596 1108 3697 agitari
1138 3596 1218 3684 huc

163 3725 253 3801 illuc

272 3933 279 3946 .
326 3932 334 3948 .
377 3934 385 3951 .
429 3896 463 3950 ut
477 3909 529 3968 per
546 3891 636 3970 plana
648 3892 725 3954 citus
744 3893 807 3955 sola
821 3892 940 3957 verbere
956 3893 1077 3962 turben,

161 4075 276 4150 facere
313 4076 463 4151 demum
503 4081 600 4176 quod
628 4081 843 4182 plerumque
881 4084 924 4158 fit
961 4082 999 4154 in
1023 4077 1210 4153 amatoriis
