2766 4950
582 467 774 536 ..42-

166 615 256 708 cilis,
274 615 387 689 amati
410 614 599 706 obliviosa,
626 625 787 690 ceterum
821 614 971 713 perinde
999 613 1217 690 meretriciis

165 760 275 848 atque
288 748 431 823 uxoriis
446 748 608 823 moribus
622 748 741 823 aliena
761 779 769 824 :
783 747 923 847 quales,
937 749 1033 824 sicut
1048 747 1086 824 S.
1104 748 1217 824 Teuf-

164 883 212 960 fel
228 893 364 976 monet,
389 883 602 959 etiamnunc
624 910 700 958 non
721 878 845 982 paucae
870 883 1099 982 reperiantur
1119 883 1218 958 inter

167 1018 341 1094 Romanae
354 1017 470 1117 plebis
484 1018 734 1094 mulierculas.

216 1152 320 1228 Circa
331 1151 475 1226 Deliam
490 1151 570 1226 aliae
586 1178 734 1251 quoque
748 1177 913 1251 personae
934 1152 1140 1250 conspicuae
1153 1176 1215 1250 ap·

166 1298 318 1386 parent:
338 1287 453 1363 Deliae
468 1286 673 1385 praesertim
688 1287 858 1377 maritus,
876 1287 992 1360 durus
1011 1286 1154 1386 aliquis
1180 1296 1217 1361 et

167 1446 298 1495 avarus
314 1420 475 1513 decurio,
495 1420 559 1520 qui
582 1421 694 1496 modo
724 1421 996 1519 praedabundus
1022 1421 1061 1494 in
1088 1419 1218 1496 Cilicia

118 1550 135 1613 '·
167 1555 348 1654 stipendia
362 1566 477 1630 meret
498 1554 555 1655 (61.
580 1553 614 1649 Ι,
633 1558 668 1648 2,
694 1582 731 1631 v.
756 1559 800 1629 65
826 1553 915 1654 sq.),
938 1580 1048 1649 nunc,
1075 1553 1216 1630 Urbem

164 1716 361 1790 regressus,
382 1689 511 1765 hebete
532 1690 656 1762 animo
673 1715 871 1788 securoque
885 1688 1024 1763 fallacis
1046 1689 1217 1788 conjugis

164 1825 466 1934 ampribusadest
484 1821 589 1923 (61.1,
611 1822 662 1923 6),
685 1822 798 1897 simul
819 1821 935 1897 Deliae
947 1832 1076 1914 mater,
1098 1852 1114 1888 α
1132 1823 1216 1896 dul·

164 1960 214 2034 cis
229 1984 321 2033 anus
339 1991 368 2054 a,
385 1988 400 2024 «
417 1984 508 2032 anus
526 1984 634 2032 aurea
651 1990 680 2051 a,
698 1982 809 2057 quam
826 1983 903 2032 sese
918 1983 1060 2056 semper
1071 1969 1215 2032 amatu·

165 2120 248 2168 rum
257 2096 364 2192 jurat
380 2093 550 2168 Tibullus
566 2105 676 2192 atque
693 2093 864 2168 omnibus
882 2093 1073 2169 blanditiis
1090 2119 1216 2193 prose·

166 2229 293 2328 quitur
317 2229 373 2327 (61.
393 2227 426 2303 Ι.
449 2233 481 2322 6,
504 2256 539 2303 v.
568 2229 706 2326 57-67),
735 2229 822 2327 quia
848 2239 997 2327 suospte
1029 2255 1114 2304 cum
1138 2229 1218 2303 filia

167 2363 384 2438 concubitus
412 2363 543 2456 foveat,
571 2389 608 2437 se
638 2388 657 2436 <c
680 2374 794 2437 noctu
822 2363 961 2437 foribus
995 2375 1143 2439 maneat
1170 2364 1216 2438 ad

166 2501 244 2572 fixa
259 2521 292 2590 a,
311 2495 470 2596 puellam
490 2497 558 2574 sibi
581 2521 599 2571 <c
617 2496 775 2572 adducat
794 2498 953 2573 tenebris
969 2521 1000 2591 r,
1023 2499 1219 2599 multoque

39 2693 41 2699 .
168 2630 246 2732 (ait)
262 2633 394 2707 timore

283 2888 457 2968 conjungat
469 2893 587 2951 nostras
603 2888 680 2951 clam
698 2890 848 2953 taciturna
863 2909 978 2953 manus.

211 3155 318 3248 Quod
342 3157 373 3229 si
402 3155 596 3254 quospiam
628 3156 841 3254 adjunxeris
869 3128 1031 3257 aposta
1050 3159 1214 3235 strictim

63 3305 66 3309 ’
162 3317 356 3390 expressos
375 3321 383 3366 :
403 3291 558 3366 divitem
576 3302 777 3367 amatorem
803 3291 861 3391 (61.
890 3292 920 3385 l,
946 3294 982 3390 5)
1001 3292 1065 3392 qui
1087 3295 1215 3392 potior

165 3425 303 3498 Tibulli
322 3426 446 3501 rivalis
464 3428 598 3523 evasit;
620 3429 742 3519 lenam
763 3453 929 3526 rapacem
957 3426 1012 3527 (61.
1036 3427 1069 3521 I,
1101 3430 1139 3526 5)
1166 3473 1217 3485 -

162 3558 422 3657 ineptissimea
442 3561 663 3660 quibusdam
688 3559 814 3659 (Voss,
843 3559 975 3661 Soury)
1000 3587 1067 3659 pro
1094 3560 1214 3637 Deliae

162 3703 279 3768 matre
298 3706 494 3792 acceptam,
512 3738 560 3750 -
573 3722 645 3796 qua
656 3696 857 3795 instigante
873 3695 996 3793 puella
1019 3697 1211 3792 peccavit3

163 3854 325 3927 sagama
345 3828 503 3925 Tibullo,
530 3830 664 3905 amoris
682 3830 834 3929 impune
857 3829 1068 3928 perfruendi
1089 3855 1211 3924 causa,

162 3961 382 4055 consultam,
400 3975 436 4038 et
449 3964 536 4038 alias
552 3964 711 4062 aliquam
724 3963 885 4038 Bellonae
901 3964 1127 4037 sacerdotem
1148 3962 1208 4063 (61.

162 4097 240 4196 1,2,
259 4124 293 4171 v.
311 4102 419 4173 41-63
433 4129 442 4192 3
458 4103 491 4186 6,
510 4126 547 4172 v.
567 4099 717 4195 43-55):
743 4109 892 4172 cunctas
911 4097 1071 4190 habebis,
1092 4108 1137 4172 ut
1157 4097 1213 4173 ita
