2766 4950
600 495 633 507 ..
673 455 720 524 50
744 494 793 505 ..

170 626 292 689 mone,
308 602 438 676 suadet
454 627 501 676 ne
526 603 655 677 timide
688 602 860 678 custodes
884 602 1013 676 fallat:
1038 601 1222 675 Venerem

170 736 270 812 enim
283 737 486 835 puellarum
496 737 591 811 dolis
606 737 725 810 favere
738 767 747 830 3
762 735 945 811 Venerem
959 734 1086 808 audaci
1095 732 1224 826 iuveni

87 931 93 940 ,
170 872 235 970 qui
261 882 375 946 noctu
395 872 441 945 ad
471 872 624 945 amicam
648 872 812 945 insinuet
839 869 1033 969 opitulari,
1064 867 1222 943 Veneris

170 1007 256 1096 iras,
288 1006 319 1078 si
336 1006 419 1104 quis
443 1032 481 1080 se
512 1031 597 1079 cum
629 1005 736 1080 Delia
763 1005 893 1080 furtim
925 1003 1224 1103 congredientem

172 1140 365 1239 agnoverit
396 1165 463 1214 nec
483 1140 653 1224 tacuerit,
686 1139 868 1237 proditori
888 1139 1091 1212 imminere.
1125 1135 1226 1228 Quin

173 1274 284 1348 etiam
317 1272 386 1347 sibi
424 1275 718 1372 potentissimam
747 1299 875 1372 sagam
907 1273 1049 1371 magica
1077 1295 1229 1368 compo-

173 1409 288 1483 suisse
299 1408 469 1502 carmina,
485 1409 619 1507 quibus
636 1409 899 1506 adjuvantibus
914 1409 1082 1504 conjunx
1101 1403 1232 1479 «nihil

170 1541 311 1638 poterit
325 1542 468 1616 credere
491 1543 665 1640 cuiquam
681 1567 700 1614 ))
717 1542 762 1616 de
776 1553 967 1616 amantum
991 1541 1111 1615 furtis.
1131 1538 1229 1612 Hac·

172 1686 281 1751 tenus
305 1674 419 1750 Deliae
441 1677 591 1752 timores
609 1678 775 1752 evincere
790 1689 899 1776 poeta
923 1676 1097 1751 studuit:
1129 1699 1234 1747 nunc

173 1810 369 1886 teneriores
383 1838 530 1887 movere
542 1838 685 1901 sensus,
701 1839 802 1886 nunc
814 1811 946 1886 intima
961 1809 1119 1908 pectoris
1136 1808 1228 1882 insi·

173 1969 287 2020 nuare
306 1957 448 2037 tentat3
465 1947 615 2039 sufficet,
630 1957 673 2020 ut
696 1946 921 2033 redametur,
947 1970 1060 2043 quam
1081 1941 1227 2040 perdite

173 2080 252 2177 ipse
266 2090 364 2153 amet
381 2080 504 2154 verbis
527 2080 644 2177 aperit
663 2079 902 2152 suavissimis.
925 2077 1079 2159 Eadem,
1099 2075 1226 2174 inquit

179 2213 227 2310 (v.
242 2216 288 2287 59
306 2213 416 2311 sqq),
429 2240 517 2311 saga
541 2239 579 2286 se
603 2213 702 2287 dixit
722 2212 898 2286 cantibus·
910 2223 974 2286 aut
1001 2211 1123 2285 herbis
1148 2208 1224 2282 sol·

175 2373 258 2422 vere
271 2373 378 2445 posse
392 2373 492 2421 meos
507 2372 647 2421 amores
660 2377 669 2420 :
682 2347 771 2445 quid
790 2347 944 2420 autem?

275 2535 346 2597 Non
360 2554 415 2613 ego
430 2541 510 2597 totus
522 2535 636 2596 abesset
647 2553 741 2610 amor,
758 2535 810 2594 sed
824 2540 948 2594 mutuus
959 2537 1035 2595 esset

316 2650 456 2723 Orabam,
471 2670 523 2712 ner
538 2657 562 2712 a
568 2670 656 2730 posse
669 2670 763 2712 curere
776 2651 882 2711 uelim!

177 2846 404 2944 Hujusmodi
419 2847 596 2922 confessio
610 2872 651 2920 ea
663 2858 718 2920 est
731 2873 813 2945 quae
828 2845 1044 2920 muliebrem
1058 2844 1232 2918 animum

176 2981 275 3055 haud
288 2980 518 3054 mediocriter
531 2962 659 3054 illiciat
669 3011 678 3074 ;
695 2991 733 3054 at
747 2980 1023 3080 quantomagis,
1041 2979 1068 3052 si
1086 2979 1229 3053 talibus

175 3112 365 3188 blanditiis
380 3124 588 3216 opponatur
611 3156 656 3168 -
670 3113 770 3212 quod
783 3114 953 3211 protinus
970 3112 1020 3212 (1)
1043 3114 1087 3187 fit
1109 3112 1149 3185 in
1166 3112 1229 3186 Ti·

176 3247 279 3322 bullo
295 3247 342 3348 (v.
358 3252 403 3322 65
420 3249 517 3347 sqq.)
535 3248 699 3322 -ferrei
716 3248 884 3347 conjugis
902 3247 1148 3346 neglegentia,
1163 3248 1232 3345 qui

178 3406 261 3454 cum
278 3380 438 3478 puellam
466 3381 581 3479 possit
608 3380 749 3473 habere,

297 3563 439 3626 Maluerit
450 3564 566 3644 praedas
577 3564 687 3624 stultus
699 3570 730 3625 et
743 3583 828 3625 arma
842 3564 938 3644 sequi.

213 3749 249 3822 (1)
264 3749 318 3804 Hic
333 3749 396 3817 loci,
409 3752 425 3805 ι]
432 3794 437 3805 .
449 3751 489 3809 Η.
504 3751 574 3806 Voss
588 3768 717 3822 perquam
730 3750 880 3805 infeliciter
890 3750 1006 3820 elegiam
1019 3750 1125 3804 induas
1138 3752 1232 3820 partes

176 3837 302 3908 abscidit,
319 3840 396 3908 quasi
409 3840 444 3894 ab
459 3857 542 3910 usque
557 3858 583 3897 v.
598 3841 632 3896 65
644 3857 746 3894 novum
760 3851 869 3894 carmen
891 3840 1034 3911 inciperet.
1051 3839 1129 3893 Idem
1144 3856 1232 3910 propa

176 3926 234 3995 jam
257 3928 362 3982 fecerat
382 3929 409 3983 J.
432 3929 563 3999 Scaliger,
578 3929 642 3999 quin
666 3929 720 3983 imo
744 3929 892 3984 secundum
918 3933 1104 3999 fragmentum
1126 3929 1229 3998 partim

177 4015 363 4087 el.1‚partim
378 4018 413 4077 el.
430 4020 447 4073 5
468 4026 589 4074 assuerat
604 4040 611 4074 :
626 4019 710 4073 talem
725 4019 864 4073 doctorum
879 4017 1052 4072 insolentiam
1071 4015 1229 4087 mirabitur,

177 4104 296 4174 quisquis
311 4124 376 4161 sano
390 4106 494 4176 judicio
506 4108 572 4162 velit
585 4108 701 4177 elegiam
719 4109 867 4178 perlegere.
