2766 4950
588 412 636 462 .’.
664 410 706 479 11
740 446 783 460 ..

160 560 373 637 Tibulliana
396 560 580 659 permixta
605 559 809 657 antiquitus
834 584 928 651 esse,
953 556 1114 633 dubitari
1134 584 1210 632 non

162 705 297 794 potest.
339 694 447 786 Quod
493 693 628 768 senties
669 717 781 791 quarn
821 691 924 765 facile
953 691 1136 784 acciderit,
1180 693 1212 767 si

163 829 364 904 adverteris
399 827 508 926 primi
531 825 643 901 modo
673 825 757 900 libri
785 824 918 924 elegias
949 824 1036 902 vivo
1061 826 1212 901 Tibullo

163 962 281 1038 editas
296 962 373 1061 (1);
388 960 593 1037 secundum
610 960 675 1034 lib.
701 960 747 1034 ab
766 959 903 1054 amicis,
918 958 1104 1058 aliquanto
1126 977 1210 1062 post

163 1097 382 1173 defunctum
392 1104 539 1194 poetam
557 1093 613 1190 (ut
629 1119 677 1169 ex
689 1092 814 1168 Ovidii
826 1092 987 1191 epicedio
999 1095 1064 1193 (2),
1076 1123 1122 1170 ex
1131 1098 1212 1198 ipsa

162 1231 363 1331 elegiarum
379 1228 593 1305 condicione
610 1227 752 1326 patet);
774 1225 913 1326 reliqua
929 1253 1017 1303 vero
1037 1273 1083 1287 —-
1103 1232 1213 1308 hodie
1296 1326 1299 1331 Ι

163 1365 369 1440 intertium
383 1373 422 1439 et
444 1371 619 1462 quartum
643 1360 781 1435 librum
804 1360 850 1434 ab
870 1359 1071 1438 editoribus
1083 1364 1212 1460 divisa,

163 1499 272 1575 initio
298 1508 423 1573 autem
455 1506 564 1595 atque
586 1495 701 1593 juxta
730 1493 897 1568 codicum
928 1496 1148 1595 scripturam
1175 1501 1215 1575 in

165 1659 287 1709 unum
305 1631 525 1731 conglobata
544 1675 594 1686 -
612 1630 729 1705 serius
756 1629 920 1728 prodisse
945 1632 985 1706 in
1010 1633 1143 1712 luoem.
1189 1644 1193 1653 '

214 1849 271 1925 De
279 1848 365 1924 libri
379 1847 399 1923 I
414 1846 625 1946 integritate
637 1845 742 1920 nulla
753 1845 936 1924 dubitatio
945 1848 1017 1925 fuit
1035 1876 1213 1950 unquam,

164 2010 233 2060 nec
247 2008 326 2059 esse
339 1991 462 2080 potest
478 1979 544 2079 (3).

214 2116 329 2191 Nulla
358 2115 404 2190 de
434 2114 529 2189 libro
569 2112 630 2208 II,
663 2115 694 2189 si
717 2116 909 2214 exceperis
951 2117 1043 2217 eleg.
1074 2121 1107 2213 2,
1133 2145 1213 2218 per·

165 2276 292 2350 peram
315 2249 441 2348 elegiis
468 2248 514 2322 de
539 2245 689 2323 Nemesi
717 2248 949 2347 interjectam
974 2249 1150 2351 (profecto
1167 2254 1215 2328 ob

169 2383 402 2461 «Cornuti»
434 2381 671 2475 mentionem,
700 2382 765 2481 qui
799 2383 909 2458 etiam
946 2385 985 2457 in
1009 2360 1218 2485 insequenti

168 2526 285 2626 elegia
321 2523 575 2622 compellatur)
616 2533 726 2623 atque
753 2525 960 2643 conjuncte,
997 2535 1041 2600 ut
1075 2527 1216 2625 opinor,

167 2715 197 2779 in
215 2719 382 2777 bibliotheca
395 2716 515 2774 Lemaire
538 2717 574 2775 A.
586 2732 621 2772 nn
637 2717 783 2790 Goneiar,
799 2718 917 2792 Parisiis,
933 2720 1013 2780 1826.
1029 2721 1125 2792 Neque
1138 2739 1219 2778 men·

167 2811 244 2868 tione
257 2808 366 2880 dignior
382 2808 416 2863 Β.
428 2807 593 2875 Panaretus,
608 2804 656 2877 qui
669 2824 756 2878 nuper
771 2808 834 2878 (Die
848 2811 962 2880 Elegiae
976 2812 1024 2867 cler
1037 2812 1075 2867 A.
1092 2811 1219 2868 Tibullus

168 2900 274 2966 Berlin,
299 2898 389 2967 1881),
418 2894 572 2951 inconsulte
599 2896 737 2965 congestis
765 2897 909 2967 sigmundi
943 2899 1050 2955 Teuffel
1077 2900 1220 2971 erroribus,

168 2989 329 3060 AEmiliique
351 2985 483 3042 Baehrens
504 2983 603 3057 libitis,
628 2984 726 3040 mirum
742 2985 770 3041 in
797 2987 906 3043 modurn
920 2988 1078 3045 Tibulliens
1100 2991 1220 3047 carmina

167 3076 348 3138 deformavit.

209 3169 246 3240 (1)
260 3164 388 3236 Singulas
414 3161 519 3232 elegias
534 3162 605 3236 dico,
621 3181 677 3219 non
700 3164 837 3237 integrum
853 3166 977 3222 librum:
998 3184 1079 3238 quern
1100 3167 1221 3240 suspicor

168 3258 205 3316 ob
215 3271 373 3329 perversum
390 3251 428 3313 el.
443 3252 462 3306 4
475 3250 600 3308 ordinem
612 3252 702 3308 aliena
716 3272 798 3311 manu
812 3255 958 3311 collectum
971 3256 1137 3329 editumque.

208 3347 246 3420 (2)
259 3343 305 3401 Ibi
316 3343 393 3398 enim
407 3338 532 3409 Ovidius,
546 3357 608 3395 cum
626 3341 726 3398 multos
740 3343 843 3399 Tibulli
858 3344 892 3399 de
907 3345 990 3401 Delia
1008 3363 1100 3402 versus
1112 3346 1140 3400 in
1161 3363 1221 3417 pro·

167 3435 260 3512 prium
270 3447 383 3489 carmen
397 3427 560 3500 transierat,
571 3430 640 3485 nihil
655 3432 691 3485 ab
706 3431 804 3502 elegiis
817 3432 850 3488 de
868 3434 979 3489 Nemesi
1003 3440 1151 3501 mutuatur,
1168 3434 1223 3492 imo

168 3539 279 3584 versum
303 3517 452 3593 quemdam
465 3535 499 3573 ex
513 3519 549 3581 el,
564 3519 588 3589 I,
604 3520 619 3574 1
637 3519 744 3590 lugenti
758 3522 870 3578 Nemesi
894 3523 1012 3580 tribuit:
1037 3524 1108 3596 quod
1128 3541 1225 3596 parum

171 3610 332 3680 verisimile,
347 3607 372 3664 si
383 3613 484 3680 praesto
498 3607 633 3663 secundus
647 3608 717 3664 liber
729 3611 839 3672 fnisset.

212 3702 250 3777 (3)
274 3697 459 3757 Proetermitlo
473 3697 595 3752 Fabricii
616 3699 767 3769 licentiam,
786 3700 832 3772 qui
853 3702 1028 3773 perpulchras
1047 3703 1080 3758 de
1099 3703 1225 3760 Marathe

177 3792 284 3865 elegias
298 3786 409 3844 'libnllo
424 3785 543 3841 detrahit
561 3786 627 3858 (Die
651 3790 792 3860 ntea—des
810 3792 848 3851 A.
864 3793 998 3862 tibullus,
1019 3793 1098 3864 1881,
1122 3793 1225 3848 Einlei·

175 3885 270 3953 hung),
284 3878 319 3935 oh
333 3893 393 3932 eam
406 3893 516 3932 causam
530 3875 603 3946 quod
613 3879 736 3933 carmina
749 3879 797 3933 illa
804 3879 832 3934 in
845 3881 957 3952 turpiori
971 3898 1062 3936 amore
1073 3888 1224 3939 versentur.

128 3992 130 3997 ,
176 3972 252 4042 Ergo
272 3965 369 4023 neseio
382 3980 430 4019 cnr
440 3963 515 4020 idem
531 3965 647 4035 Vergilii
656 3967 779 4040 eclogam
791 3970 818 4037 2,
833 3969 924 4041 plures
936 3969 1046 4025 Horatii
1055 3970 1133 4043 odas,
1148 3970 1227 4044 plura

178 4057 280 4118 Catulli
293 4055 491 4130 epigrammata
505 4071 561 4111 non
581 4054 711 4113 deleverit
727 4077 734 4114 ι
753 4058 800 4114 sed
816 4058 864 4114 illa
877 4058 968 4114 refelli
987 4077 1041 4115 non
1056 4077 1122 4132 opus
1135 4067 1187 4119 est.

1065 4151 1083 4204 2
