2766 4950
614 463 811 532 ,56-

185 613 296 689 domo
309 623 499 688 versatur:
516 611 622 689 Delia
635 611 784 705 interea,
800 622 838 686 et
859 611 982 687 virum
994 623 1031 688 et
1048 624 1238 688 amantem

184 739 369 834 frustrata,
611 726 624 743 ⁸

383 949 413 1012 N
414 949 494 1014 escio
508 967 597 1032 quem
606 949 699 1012 tacita
712 948 823 1013 callida
835 954 925 1017 noete
937 950 1031 1016 fovet.

184 1185 243 1260 En
275 1193 457 1284 quantum
483 1191 627 1257 mutata
657 1181 702 1256 ab
722 1182 788 1257 illa
811 1182 928 1279 Delia,
957 1209 1070 1284 quam
1097 1184 1224 1287 Tibul·

181 1320 240 1394 lus
252 1318 418 1419 inprima
438 1316 554 1417 elegia
574 1316 761 1416 diligebat,
775 1317 821 1392 ab
839 1317 903 1393 illa
927 1319 1037 1393 etiam
1055 1345 1169 1419 quam
1189 1319 1225 1395 in

180 1453 351 1554 proxima
367 1452 498 1526 misere
524 1450 728 1525 obsecravit
750 1449 904 1550 lNuper
924 1453 1100 1529 mobilem
1118 1453 1225 1529 modo

178 1587 339 1687 puellam
353 1586 526 1679 vidimus,
552 1583 727 1659 leviorem
753 1610 862 1684 quam
878 1587 1097 1684 praviorem,
1114 1586 1223 1663 semel

176 1721 387 1797 absentibus
400 1729 437 1795 et
454 1719 610 1817 conjuge
634 1729 670 1793 et
684 1729 832 1794 amante
845 1719 1007 1818 lapsam;
1022 1748 1124 1796 nunc
1144 1747 1219 1797 ver-

176 1866 298 1931 sutam
308 1853 521 1947 adulteram,
530 1852 728 1927 simulandi
740 1877 781 1928 ac
794 1853 1049 1930 dissimulandi
1055 1855 1221 1954 peritam,

141 2030 143 2034 Α
174 2018 266 2092 quos
280 1990 384 2066 dolos
410 1988 456 2063 ad
480 1987 681 2064 fallendum
705 1989 826 2063 virum
845 2015 972 2064 amans
986 1978 1222 2088 perdocuerat

172 2128 289 2226 ipsius
304 2125 461 2200 amantis
475 2124 611 2199 damno
628 2133 848 2198 vertentem.
867 2123 1033 2200 Offendit
1049 2137 1135 2202 ante
1150 2126 1220 2203 De·

173 2261 222 2335 lia
239 2288 248 2336 :
266 2284 366 2333 nune
380 2267 570 2358 peccatum
582 2257 622 2330 in
636 2256 838 2357 nequitiam
856 2284 971 2359 usque
984 2260 1216 2337 inveteravit.

172 2394 232 2470 Ita
244 2421 281 2470 se
295 2420 333 2469 re
346 2393 516 2485 habente,
535 2392 575 2465 in
588 2393 666 2466 ero
689 2419 731 2467 eo
745 2392 935 2494 zelotypia>
950 2394 1117 2470 Tibullus
1135 2422 1220 2496 pro·

170 2529 276 2624 cedit,
290 2538 333 2602 ut
348 2555 433 2602 cum
456 2526 581 2612 mariti
595 2552 703 2601 causa
718 2552 865 2601 causam
882 2529 1068 2627 propriam
1089 2555 1218 2607 conso-

169 2663 249 2758 ciet,
270 2688 365 2736 caeco
387 2660 531 2735 homini
545 2672 668 2757 aperte
688 2660 819 2759 puellae
845 2661 990 2736 fraudes
1006 2665 1060 2760 (1)
1075 2664 1216 2740 denun-

167 2796 247 2888 tiet,
267 2796 343 2870 imo
357 2821 395 2869 se
418 2793 624 2868 incredibili
647 2793 731 2890 joco
760 2793 875 2894 fingat
888 2822 955 2870 sua
977 2796 1094 2895 ipsius
1116 2798 1217 2873 furta

166 2929 345 3024 confiteri,
373 2955 411 3004 se
436 2953 562 3003 omnes
583 2952 707 3026 poenas
730 2928 825 3002 velle
850 2928 990 3029 perpeti
1012 2930 1215 3009 dummodo

164 3063 237 3164 ipsi
245 3063 348 3140 Delia
361 3061 537 3138 servanda
547 3061 715 3136 credatur
724 3072 761 3135 et
774 3087 794 3135 a
805 3062 1026 3138 bellulorum
1030 3066 1215 3164 juvenum

166 3199 293 3298 coeptis
305 3196 531 3274 defendenda
546 3197 598 3290 (v.
619 3196 760 3289 15-42).
782 3195 859 3271 Nec
875 3197 991 3273 solam
1009 3202 1134 3276 mariti
1151 3228 1214 3275 sae·

165 3332 295 3407 vitiam
309 3332 377 3407 sibi
393 3332 432 3405 in
450 3330 634 3408 auxilium
656 3340 779 3423 vocat;
794 3330 856 3405 sed
875 3331 1037 3407 Bellonae
1053 3335 1211 3430 oracula,

165 3467 270 3564 cujus
285 3465 461 3559 sacerdos,
480 3464 732 3565 interrogante
758 3463 915 3559 Tibullo,
931 3477 968 3541 et
991 3466 1106 3543 Deliae
1124 3496 1211 3545 moe·

163 3600 240 3677 chis
259 3612 296 3677 ct
320 3600 391 3698 ipsi
416 3598 532 3674 Deliae
548 3624 673 3698 poenas
690 3598 868 3675 indixerit
897 3601 951 3696 (v.
973 3577 1102 3702 43-56)
1118 3634 1129 3701 ;
1148 3605 1212 3682 sed

160 3735 325 3810 vetulam
337 3744 503 3827 matrem,
518 3759 669 3808 suorum
683 3758 850 3808 amorum
864 3736 1212 3838 oonseiam,propter

161 3895 272 3969 quam
283 3895 397 3943 unam
412 3895 450 3943 se
465 3878 562 3944 natae
578 3868 716 3943 iratum
732 3893 877 3966 parcere
890 3869 1051 3948 declarat
1072 3874 1128 3967 (v.
1145 3877 1208 3948 57-

197 4111 232 4182 (1)
249 4110 289 4163 De
302 4109 400 4179 puellae
412 4108 499 4163 virum
510 4108 635 4163 fallentis
648 4107 761 4179 artibus,
775 4109 814 4163 cl.
830 4108 908 4168 Ovid.
928 4112 1051 4180 Amarea,
1064 4111 1089 4180 I,
1106 4114 1133 4169 4.
