2766 4950
496 603 546 617 -
573 566 618 637 21
647 606 696 618 -

63 707 235 809 sectaque
253 739 263 785 t
279 724 412 788 cuncta
428 714 603 790 videlicet
617 715 681 790 illa
696 716 869 810 carmina,
884 715 1014 789 sivein
1026 725 1122 789 coetu

67 840 237 918 Messalae
255 846 419 939 recitata,
444 848 521 923 sive
542 849 589 924 ad
619 848 815 925 Messalam
843 851 994 948 ejusque
1019 849 1122 923 fami·

65 976 159 1051 liam
171 978 405 1075 pertinentia,
427 981 492 1055 diu
506 983 548 1055 in
569 983 686 1081 ipsius
704 983 846 1058 tablino
866 993 1010 1058 servata
1021 1008 1123 1077 esse3

65 1110 214 1205 deinde,
230 1110 388 1189 Messala
410 1127 449 1190 et
467 1113 670 1192 Messalino
681 1117 761 1192 filio
778 1116 938 1192 mortuis
954 1115 1125 1216 (l),curis

66 1246 224 1345 alicujus
245 1273 265 1322 e
286 1247 458 1325 sodalicio
478 1251 612 1349 (ipsius
634 1252 686 1326 ait
710 1250 869 1346 Hankel‚
887 1252 953 1327 sed
976 1277 1051 1326 non
1072 1251 1125 1326 ita

64 1379 315 1478 probabiliter,
346 1381 550 1482 Lygdami)
597 1384 833 1459 commixtim
866 1383 975 1479 edita,
1018 1382 1122 1458 volu-

64 1515 161 1588 mini
183 1526 308 1594 autem
334 1516 481 1617 integro
505 1517 647 1593 Tibulli
673 1545 824 1612 nomen,
843 1528 974 1618 utpote
1001 1516 1121 1592 claris·

65 1650 154 1725 simi
179 1651 278 1726 inter
301 1650 443 1728 sodales
470 1663 603 1750 poetae,
620 1653 837 1752 impositum
852 1677 993 1752 :neque
1017 1650 1123 1727 aliter

66 1810 186 1860 seres
208 1785 319 1862 habet
335 1787 382 1861 de
404 1785 588 1864 Catalectis
608 1787 681 1861 illis
700 1813 782 1887 quae
797 1787 978 1886 Vergilio,
1004 1785 1122 1886 plera-

63 1944 140 2017 que
157 1917 260 2011 falso,
284 1918 429 1995 addicta
444 1919 685 2019 possidemus.
706 1919 823 1994 Fraus
842 1945 991 1994 errorve
1005 1919 1120 2013 brevi,

64 2051 197 2151 procul
225 2053 351 2139 dubio,
378 2054 479 2153 apud
502 2053 689 2129 Romanos
719 2054 900 2130 litteratos
926 2055 1121 2129 invaluit:

64 2185 173 2261 testis
203 2185 412 2272 Suetonius,
439 2187 529 2263 Vita
557 2187 776 2271 Tibullianae
801 2189 959 2288 scriptor
990 2188 1120 2286 inqua

64 2318 225 2419 legimus
240 2345 283 2396 :u
301 2376 325 2393 ..
335 2319 528 2420 Epistula
545 2348 691 2422 quoque
701 2323 780 2420 ejus
795 2322 991 2415 amatoriae,
1004 2347 1118 2420 quan-

65 2478 180 2552 quam
215 2452 342 2530 breves
369 2455 489 2554 (quid,
503 2455 577 2529 nisi
609 2454 778 2553 Sulpiciae
805 2454 963 2553 elegidia
977 2451 1023 2552 i),
1041 2480 1117 2529 om-

66 2586 158 2662 nino
177 2587 329 2663 subtiles
345 2589 396 2689 (2)
412 2600 514 2664 sunt.
533 2613 553 2662 a
572 2589 681 2664 Unde
709 2589 820 2664 etiam
837 2588 939 2687 sequi
958 2588 1115 2684 videtur,

66 2732 111 2797 ut
127 2720 294 2798 Suetonii
307 2723 538 2822 temporibus
552 2723 628 2798 duo
641 2721 795 2822 genuini
807 2732 922 2821 poetae
935 2720 1019 2795 libri
1033 2749 1117 2797 cum

66 2854 330 2954 posterioribus
340 2855 572 2931 collectaneis
580 2857 750 2932 nondum
760 2853 1117 2931 commixtiluerint:

58 2990 168 3109 'quod
187 2990 336 3091 quando
356 2990 496 3065 factum
525 2990 574 3064 sit
597 2989 781 3064 nescimus
796 3019 806 3082 ;
822 2998 988 3063 attamen
1002 3014 1120 3087 usque

66 3125 107 3198 in
139 3123 303 3200 medium
333 3149 455 3198 aevum
483 3121 623 3197 Tibulli
655 3120 883 3220 exemplaria
909 3121 1120 3217 pervenisse

66 3284 150 3358 quae
167 3257 356 3356 adjecticia
379 3268 481 3355 parte
507 3268 684 3343 carerent,
701 3282 721 3331 e
737 3265 860 3330 vetere
892 3252 959 3328 illo
987 3252 1120 3328 beroli-

66 3393 175 3470 nensi
194 3392 373 3466 librorum
394 3391 572 3491 catalog0,
588 3392 653 3466 ubi
674 3389 724 3465 M.
741 3388 870 3487 Haupt
888 3388 981 3488 legit
996 3412 1016 3461 (r
1030 3387 1119 3463 Albi

66 3525 210 3601 Tibulli
229 3525 314 3600 libri
326 3525 368 3601 II
380 3550 414 3620 a,
432 3526 532 3600 AEm.
550 3524 724 3600 Baehrens
740 3523 860 3598 voluit
872 3521 1044 3621 colligere
1055 3522 1117 3620 (3).

104 3695 143 3766 (1)
158 3693 288 3768 Sulpicia
302 3710 408 3751 amores
422 3691 559 3764 divulgari
573 3692 609 3748 ab
623 3691 759 3747 avunculo
777 3691 899 3746 Messala
913 3707 969 3745 non
988 3689 1116 3763 potuisse,

63 3783 205 3840 neminem
220 3784 308 3854 fugit.

102 3873 145 3945 (2)
158 3872 203 3927 Sic
223 3872 327 3944 optime
341 3872 472 3928 Baehrens
485 3871 584 3944 (primo
600 3870 689 3926 minus
700 3869 821 3925 feliciter
846 3866 962 3940 ciolred:
989 3884 1074 3940 prave
1087 3867 1118 3922 in

50 3959 212 4018 codicibus
224 3963 313 4021 utiles.

101 4048 141 4122 (3)
157 4050 210 4106 Sed
223 4049 390 4121 probabilius
406 4048 532 4104 existimo
544 4048 603 4103 illic
625 4065 687 4103 cum
699 4047 819 4103 secundo
833 4046 903 4100 libro
916 4045 999 4100 etiam
1010 4045 1118 4100 tertium

65 4143 244 4208 quartumque
265 4137 395 4208 copulari,
411 4138 447 4192 ut
459 4130 587 4208 excerpta
603 4137 725 4192 Parisina
739 4151 833 4192 versus
848 4133 1026 4205 posteriorum
1038 4132 1120 4190 libro-

64 4242 125 4282 rum
140 4227 190 4282 sub
202 4227 283 4287 titulo
295 4226 408 4284 secundi
421 4225 563 4290 exhibant,
