2766 4950
715 483 753 496 -
790 447 834 515 74
860 485 909 495 -

286 595 364 692 ipsa
369 602 525 679 Ι11111111
532 592 689 690 quadam
701 591 989 667 conformatione
1001 591 1213 696 cpnspirant
1227 589 1278 691 (1)
1288 615 1336 646 -2

285 727 404 805 editor
431 726 639 803 inseruerit.
671 725 741 803 Sed
765 727 846 801 fieri
874 726 1116 802 nullomodo
1143 735 1278 824 potest,
1293 734 1337 800 ut

285 860 410 963 elegiae
422 859 456 955 I,
473 865 493 935 6
516 861 686 938 succedat
706 862 822 962 elegia
835 861 905 954 lV,
925 865 984 953 13,
1000 887 1087 936 cum
1103 870 1336 959 perspectum

280 997 360 1095 jam
372 987 571 1072 habeamus
584 996 624 1070 in
635 996 700 1071 illa
714 1022 903 1071 summum
920 997 1035 1071 statui
1058 993 1336 1071 consuetudinis

286 1131 499 1225 terminum,
527 1130 614 1206 huic
641 1141 765 1207 autem
796 1131 901 1205 nulla
932 1129 1170 1206 reconciliatae
1206 1128 1336 1229 gratiae

287 1265 426 1341 mentio
443 1264 533 1341 insit
549 1293 560 1343 z
575 1265 661 1340 acsi
675 1265 756 1365 quis
771 1275 966 1364 utramque
977 1264 1023 1339 de
1037 1264 1165 1339 eadem
1182 1263 1337 1338 muliere

286 1392 500 1498 intellegere
525 1399 677 1472 omnino
693 1397 817 1492 vellet,
847 1397 971 1496 potius
993 1397 1086 1471 foret
1110 1381 1337 1471 censendum

283 1533 440 1632 elegidia
456 1533 541 1608 libri
554 1530 611 1607 IV
629 1531 756 1608 eadem
763 1542 982 1630 tempestate
996 1558 1068 1631 qua
1083 1531 1217 1631 elegias
1226 1517 1298 1604 lib.
1316 1527 1337 1603 1

287 1667 494 1765 conscripta
509 1693 518 1743 2
536 1668 582 1742 el.
596 1665 666 1761 IV,
683 1671 739 1762 13,
753 1667 869 1767 lyrico
884 1667 1044 1766 quodam
1057 1665 1176 1741 colore
1190 1663 1337 1764 pollen-

283 1813 373 1897 tem,
386 1828 462 1878 non
488 1802 617 1902 procul
629 1802 675 1876 ab
694 1802 740 1876 el.
759 1800 793 1894 Ι,
811 1806 855 1898 3;
890 1801 933 1876 11.
948 1801 1018 1892 IV,
1044 1805 1102 1890 14,
1122 1799 1201 1874 laesi
1216 1794 1332 1872 simul

283 1936 417 2012 amoris
432 1946 469 2011 et
483 1935 603 2034 pacati
623 1935 737 2010 animi
753 1946 1052 2028 monumentum,
1070 1935 1168 2008 intra
1189 1933 1235 2008 el.
1259 1931 1291 2028 l,
1313 1936 1339 2004 5·

283 2069 364 2163 etl,
376 2073 397 2143 6
410 2069 656 2145 inserendam.
672 2068 847 2168 Quisquis
860 2095 948 2144 vero
961 2095 1039 2143 rem
1051 2068 1216 2168 sagacius
1232 2066 1338 2142 inda-¹

283 2204 436 2306 gaverit,
451 2229 498 2280 ne
515 2203 586 2278 hoc
604 2204 753 2303 quidem
765 2203 951 2301 probabile
973 2202 1215 2288 existimabit,
1243 2227 1336 2300 quo·

283 2338 385 2413 niam
412 2337 511 2436 apud
537 2347 732 2436 utramque
762 2337 967 2412 carminum
993 2337 1123 2412 seriem
1148 2329 1187 2411 et
1208 2336 1337 2411 amicae

282 2469 424 2544 indoles
438 2480 475 2544 et
494 2480 611 2568 poetae
624 2496 729 2545 mens
745 2496 856 2568 quam
882 2470 1110 2569 apertissime
1134 2470 1338 2568 discrepat

283 2602 346 2678 Illi
356 2600 484 2678 contra
493 2601 659 2703 Glycerae
671 2603 804 2678 mulier
825 2630 907 2702 quae
925 2615 1075 2703 apparet
1088 2604 1128 2676 in
1139 2603 1186 2678 11.
1200 2602 1270 2698 IV,
1284 2607 1340 2677 13·

283 2747 321 2812 et
346 2741 388 2811 14
412 2736 619 2812 assimulari
631 2737 769 2836 optime
787 2749 925 2835 potest:
944 2738 1080 2837 quippe
1107 2737 1298 2811 «immitis
1315 2751 1341 2810 n'

282 2881 338 2946 est
356 2869 449 2969 (vid.
469 2870 513 2946 11.
531 2874 587 2964 13,
608 2897 646 2944 v.
669 2871 807 2970 tta-22),
823 2883 859 2946 et
885 2872 1003 2945 infida
1019 2871 1108 2970 (vid.
1126 2872 1172 2946 el.
1206 2875 1280 2966 14),
1299 2883 1337 2946 11

282 3027 493 3103 quanquam
519 3003 679 3100 cjunior
693 3026 712 3076 a
728 3030 855 3078 amans
876 3004 922 3079 ab
945 3003 1102 3080 Horatio
1116 3000 1337 3104 designatus

284 3160 360 3211 non
377 3136 437 3211 hic
454 3138 643 3236 reperitur,
660 3137 755 3210 nihil
769 3137 890 3211 obstat
914 3139 1111 3237 quominus
1137 3137 1239 3212 aliud
1267 3165 1333 3236 pu·

284 3280 405 3345 temus
426 3270 550 3371 elegiae
565 3272 813 3370 fragmentum
835 3271 993 3368 periisse,
1011 3272 1076 3346 ubi
1093 3271 1219 3346 rivalis
1247 3286 1339 3348 con·¹

284 3404 377 3479 ditio
393 3405 576 3504 expressis
589 3405 711 3480 verbis
724 3404 885 3478 indicata
903 3405 1027 3480 luerit.

334 3535 388 3612 Ut
403 3562 479 3612 uno
501 3538 615 3612 verbo
635 3538 849 3637 colligamus
864 3550 1137 3637 argumentum,
1160 3536 1337 3613 videntur

284 3671 329 3746 ad
349 3672 490 3746 nullam
514 3673 622 3748 aliam
647 3673 828 3772 pertinere
845 3672 968 3773 quam¹
983 3671 1226 3748 Horatianam
1243 3670 1329 3772 Gly-

283 3833 401 3883 ceram
425 3807 583 3883 111311
600 3812 645 3881 14
663 3807 748 3882 libri
764 3805 835 3881 IV.

291 3974 295 3983 Ι
318 4004 356 4076 (l)
381 4002 694 4059 111111111111111111.
710 4036 745 4045 -
758 4003 802 4061 uf.
823 4002 856 4057 dc
870 4001 997 4057 universa
1007 4000 1155 4070 quastione
1171 4000 1198 4062 S,
1212 3965 1327 4070 Teuffel,

287 4093 418 4161 Tibullus,
432 4095 460 4162 2,
476 4093 492 4163 ᾗ
504 4094 531 4148 7.
