2766 4950
593 534 646 548 ..
672 494 716 567 65
742 531 792 548 -

168 643 387 721 redametur.
408 643 482 741 Hie
501 654 627 720 autem
648 669 772 719 rerum
782 643 931 718 habitus
950 637 1128 739 superiori
1146 634 1214 711 ele·

167 777 236 879 giae
247 778 410 879 quodam
423 778 535 855 modo
546 778 767 877 respondet:
791 778 881 852 alias
896 776 958 873 (el.
976 780 1009 870 4,
1023 800 1062 848 v.
1077 774 1137 860 77,
1152 767 1213 867 81)

170 913 475 1013 «spernebatur»
501 912 684 1007 Tibullus,
708 943 724 978 s
751 911 980 1011 torquebat»
1012 904 1212 997 Marathus,

164 1072 266 1124 nunc
279 1047 343 1146 (el.
358 1052 393 1143 8,
405 1074 443 1125 v.
462 1051 522 1144 55,
535 1048 598 1146 49)
618 1048 870 1148 «spernitur»
890 1043 1090 1137 Marathus,
1114 1040 1213 1116 Pho·

162 1177 222 1255 loe
239 1180 294 1276 (l)
309 1208 328 1247 a
340 1190 540 1281 torquet».
557 1179 627 1255 Illa
640 1179 828 1256 fastidiosa
839 1191 896 1255 est
913 1177 1081 1277 quedam
1097 1199 1213 1251 mere·

162 1312 258 1406 trix,
291 1340 491 1413 quaecum
520 1314 632 1390 semel
670 1338 963 1414 puero.summa
998 1309 1215 1386 concesserit

162 1448 222 1542 (v.
237 1450 286 1523 25
298 1448 385 1547 sq.),
395 1448 476 1547 jam
486 1448 664 1524 miserum
682 1448 823 1548 respuit
836 1459 873 1523 et
884 1448 1022 1539 irridet,
1042 1471 1084 1520 eo
1096 1443 1215 1520 aerius

161 1580 344 1658 brevioris
357 1583 502 1658 veneris
515 1584 765 1687 recordatione
784 1584 1015 1682 flagrantem.
1045 1578 1215 1654 Tibullus

163 1714 295 1815 igitur,
317 1714 416 1791 inter
440 1726 638 1816 utrumque
658 1741 789 1817 gerens
813 1715 981 1791 benevoli
992 1713 1134 1789 lenonis
1157 1711 1214 1786 vi·

161 1874 256 1944 cem,
271 1874 339 1924 suo
352 1874 465 1949 puero
481 1849 644 1949 puellam
658 1850 849 1926 conciliare
861 1849 1008 1925 nititur:
1017 1859 1214 1947 postquam

161 1983 351 2083 perditum
384 1982 544 2060 Marathi
570 2011 731 2061 amorem
743 1984 997 2059 miserabiliter
1022 1980 1213 2080 descripsit

162 2118 218 2214 (v.
237 2116 351 2213 1-26),
371 2117 554 2219 deprecari
576 2124 629 2217 (v.
653 2122 780 2217 27-78)
802 2119 967 2196 Pholoen
991 2143 1038 2192 ne
1056 2117 1213 2191 «cariori

161 2276 255 2327 auro
263 2252 428 2350 juvenis
444 2253 604 2328 difficilis
631 2265 787 2348 maneat,
808 2254 841 2329 ei
867 2253 1079 2328 deliciarum
1094 2252 1210 2326 brevi·

162 2386 294 2471 tatem,
324 2376 484 2455 Marathi
498 2405 644 2480 quoque
662 2390 896 2455 venustatem
909 2378 1075 2479 allegare,
1093 2376 1211 2451 Mara·

162 2511 222 2587 tbi
229 2511 543 2614 mollesquerelas,
567 2515 631 2614 qui
645 2545 661 2582 s
672 2515 860 2615 quondam
872 2514 1025 2591 ludebat
1036 2523 1209 2606 amantes,

160 2671 400 2722 nuncomnes
421 2646 501 2723 odit
514 2648 630 2724 fastus
643 2682 659 2717 a
686 2660 724 2725 et
735 2650 897 2725 clausam
915 2650 1018 2748 luget
1039 2649 1207 2745 januam.

164 2779 331 2856 Tandem
341 2807 513 2881 supremo
524 2782 681 2860 disticho
695 2784 819 2862 sutura
830 2783 1018 2860 renuentis
1033 2780 1210 2856 desideria

162 2914 386 3016 lepidissime
407 2918 647 3002 nuntiantur:

325 3157 371 3221 at
383 3162 414 3221 te
426 3176 517 3240 pana
529 3163 643 3233 manet,
659 3158 693 3222 ni
704 3159 816 3223 desinis
828 3178 889 3223 esse
903 3161 1051 3243 superba:

363 3271 462 3351 Quam
470 3273 572 3356 copies
583 3274 664 3339 votis
672 3274 754 3339 huno
762 3294 901 3340 revocare
910 3275 989 3340 diem
1001 3274 1009 3340 Ι

198 3521 235 3596 (Ι)
249 3522 353 3579 uasat
366 3523 450 3580 etiarn
460 3524 490 3580 in
503 3524 626 3597 pluribus
642 3525 751 3582 Horatii
773 3526 839 3582 locis
860 3527 923 3599 (od.
939 3527 964 3600 Ι,
981 3527 1031 3597 33;
1047 3527 1089 3598 ΙΙ,
1105 3529 1136 3597 5;
1152 3527 1209 3599 ΙΙΙ,

164 3610 209 3684 15)
226 3611 327 3693 Pholoe
340 3612 431 3685 aliqua
449 3613 558 3685 puelle;
574 3632 667 3685 quam,
682 3633 744 3672 oum
759 3638 773 3669 u
789 3634 885 3688 aspera
900 3638 915 3668 s
929 3624 958 3673 et
979 3638 992 3668 ι
1007 3618 1094 3688 fugax
1111 3617 1213 3672 »dica-

162 3704 217 3770 tur,
231 3700 295 3757 huic
308 3702 413 3758 Tibulli
423 3703 527 3760 Pholoe
537 3704 647 3774 quidam
663 3706 822 3761 assimulare
836 3706 1000 3763 voluerunt:
1017 3708 1136 3779 inanem,
1152 3723 1214 3761 mee

165 3791 307 3862 sententia,
320 3790 419 3863 lusum,
434 3809 550 3865 namque
564 3811 646 3849 nemo
657 3794 746 3849 nescit
765 3795 837 3866 apud
852 3796 999 3852 Horatium
1013 3795 1100 3850 multa
1112 3793 1213 3849 mulie-

164 3882 339 3936 mmnomina
351 3880 422 3936 nulli
433 3898 555 3953 personae
574 3883 813 3954 certaeassignari3
829 3890 857 3941 et
867 3893 1009 3956 praeterea,
1020 3885 1049 3938 in
1061 3882 1213 3954 deligendis

166 3969 257 4038 graecis
270 3968 419 4027 amicarum
437 3973 636 4044 cognomentis,
652 3990 764 4029 necesse
779 3980 821 4029 est
835 3981 865 4029 ut
877 3973 1024 4046 aliquando
1035 3972 1104 4029 varii
1124 3977 1211 4044 poeta

168 4055 278 4113 iouuito
291 4059 479 4116 convenerint.
494 4061 573 4116 Idem
588 4061 623 4118 de
634 4062 741 4133 Neaera,
763 4062 797 4118 de
816 4063 955 4131 Cerintho,
971 4060 1132 4119 Horatianis
1146 4078 1208 4133 per·

170 4146 245 4218 sonis,
260 4146 540 4208 animadvertendum.
