2766 4950
599 497 644 515 ...
671 461 792 530 51η-

173 601 257 678 Non
276 605 330 680 sic
359 632 485 682 amans
503 607 510 682 l
531 606 593 682 ille
617 608 792 682 rusticam
819 607 1033 707 pauperiem
1056 604 1218 704 diligere,

167 739 371 815 dummodo
388 742 504 817 amica
528 743 717 818 fruatur...
736 741 851 817 Plane
868 743 1020 842 hujusce
1046 741 1218 840 eloquen-

166 874 227 948 tiae
248 875 327 949 vim
353 875 579 977 intellegent,
598 877 662 975 qui
690 902 888 975 pernovere
916 902 1026 976 quam
1054 873 1219 949 femineis

164 1009 354 1084 mentibus
379 1010 500 1085 odisse
520 1011 654 1101 virum,
667 1011 760 1085 bene
779 1011 872 1086 velle
893 1011 1032 1085 amanti
1059 1009 1218 1082 finitima

163 1167 243 1217 esse
261 1142 418 1217 soleant.
446 1142 505 1218 Sic
525 1142 630 1218 Delia
652 1144 824 1218 omnibus
848 1144 988 1219 artibus
1014 1142 1215 1234 conciliata,

162 1275 258 1350 nihil
265 1277 513 1375 adjiciendum
527 1278 676 1353 Tibullo
690 1290 868 1377 superest,
880 1280 952 1353 nisi
967 1279 1066 1378 quod
1082 1278 1216 1353 caelites

162 1411 265 1509 ipsos
295 1412 335 1484 in
373 1437 456 1487 suas
488 1424 609 1511 partes
636 1414 784 1489 trahat:
813 1414 896 1488 ideo
922 1439 1058 1513 magna
1087 1413 1215 1488 Venus

162 1556 295 1621 oratur
329 1558 372 1622 ut
408 1559 586 1646 perpetuo
625 1549 863 1648 piissimoque
905 1549 1038 1624 cultori
1067 1558 1215 1647 parcat;

162 1680 359 1780 lepidoque
381 1683 543 1780 quoda-m
572 1708 767 1781 progressu
793 1709 948 1777 carmen,
965 1684 1030 1757 ubi
1055 1684 1218 1781 primum

115 1906 119 1913 Ι
164 1815 339 1899 inanima
350 1815 455 1909 fores,
469 1815 600 1890 deinde
613 1827 733 1890 amata
747 1817 883 1891 femina
896 1814 1113 1913 compellata
1123 1826 1214 1908 erat,

165 1949 262 2023 divae
276 1948 508 2025 invocatione
527 1949 769 2024 concluditur.

217 2081 402 2158 Mensium
429 2084 569 2183 aliquot
599 2084 761 2182 spatium
787 2084 847 2157 hic
869 2084 1027 2181 interjici
1053 2093 1211 2183 oportet,

166 2218 212 2292 de
227 2217 362 2315 quibus
376 2228 483 2316 poeta
496 2219 621 2293 siluit:
641 2218 791 2316 quippe,
809 2217 920 2293 elusis
934 2216 1084 2318 tandem
1101 2216 1214 2290 Deliae

167 2352 398 2445 custodibus,
425 2352 533 2452 plena
560 2354 695 2453 gaudia
726 2354 947 2451 potiebatur.
963 2351 1054 2431 Mox
1076 2363 1215 2443 tamen,

166 2487 320 2562 fortasse
336 2487 475 2574 minus,
492 2499 534 2563 ut
547 2489 604 2573 fit,
622 2513 798 2585 possessae
813 2512 925 2586 quam
944 2487 1078 2583 cupitae
1099 2486 1215 2560 domi·

165 2647 225 2693 nae
256 2619 453 2694 adstrictus
473 2619 709 2720 Messalasque
733 2621 893 2695 nimium
916 2621 1093 2720 rogitanti
1114 2621 1217 2695 obse·

166 2766 286 2848 cutus,
309 2780 459 2853 pergere
488 2782 572 2829 cum
598 2781 640 2829 eo
669 2755 708 2828 in
728 2754 859 2830 Asiam
881 2755 1000 2854 coepit,
1023 2756 1219 2854 ingruente

164 2888 296 2963 morbo
311 2887 410 2962 solus
425 2888 601 2962 remansit
613 2889 652 2961 in
664 2887 833 2987 Corcyra,
845 2889 945 2963 unde
960 2915 997 2963 se
1021 2890 1068 2964 el.
1086 2894 1106 2963 3
1131 2891 1217 2964 scri-

162 3023 250 3097 bere
276 3023 397 3097 refert.
426 3020 484 3096 lbi
517 3022 633 3120 igitur
660 3033 818 3096 mortem
835 3050 947 3121 quam
960 3023 1050 3097 olim
1076 3024 1115 3097 in
1130 3025 1216 3101 el.l

164 3167 377 3255 φανταστικῶς
406 3155 475 3229 sibi
509 3165 594 3229 ante
619 3154 745 3230 oculos
777 3158 948 3255 ponebat,
979 3184 1017 3232 re
1045 3184 1133 3234 vera
1158 3159 1217 3232 in·

166 3300 330 3364 stantem
355 3289 545 3364 intuetur:
563 3299 721 3364 mortem
736 3315 824 3365 vero
845 3291 1055 3386 solitariam,
1073 3294 1215 3381 matris,

165 3423 312 3516 sororis,
333 3421 447 3499 Deliae
459 3423 689 3521 amplexibus
711 3424 891 3499 orbatam.
917 3426 998 3501 Hoc
1015 3426 1111 3502 facto
1135 3428 1217 3503 eta

166 3557 355 3655 prooemi0,
379 3558 478 3658 quod
498 3583 555 3632 res
574 3558 655 3656 ipsa
679 3558 940 3656 suppeditavit,
955 3561 1128 3659 praeclare
1154 3562 1218 3635 Ti·

164 3693 292 3767 bullus
312 3694 351 3767 in
369 3693 548 3768 desideria
563 3704 600 3767 et
618 3693 658 3765 in
679 3719 760 3792 spes
773 3706 961 3794 evagatur,
979 3697 1023 3771 de
1043 3698 1218 3796 praesenti

166 3827 372 3902 infortunio
409 3838 491 3902 tum
518 3828 702 3925 praeterita
728 3829 886 3928 respicit,
920 3842 1002 3904 tum
1039 3831 1218 3929 prospicit

170 3962 307 4054 futura,
322 3962 447 4035 omnia
461 3987 603 4058 semper
617 3959 729 4033 Deliae
743 3961 904 4060 imagine
922 3964 1040 4062 plena.
1055 3963 1108 4039 Ut
1121 3964 1220 4039 enim

169 4094 276 4168 initio
289 4119 399 4168 suum
412 4093 659 4170 reminiscitur
685 4092 729 4166 ab
753 4093 853 4171 Urbe
870 4096 1087 4196 digressum,
1112 4124 1214 4174 maes·
