2766 4950
602 507 648 520 .-
677 472 724 541 46
751 509 792 522 -.

175 617 325 693 licitatis
339 619 456 717 spatia
472 659 521 672 -
537 619 687 717 optimae
714 618 888 692 clausulae
909 617 1094 692 character
1111 616 1220 689 inest.

162 824 167 831 ,
224 751 437 852 Elegiarum
453 753 570 852 igitur
595 763 633 827 et
651 753 854 851 principem
881 750 939 848 (el.
969 751 1005 848 1)
1027 761 1065 825 et
1085 758 1224 848 postre-

174 889 273 960 mam
287 885 347 982 (el.
371 888 504 984 6)cu1n
528 888 606 961 sine
635 886 748 962 dubio
773 897 973 980 teneamus,
990 894 1157 983 superest
1183 893 1226 958 ut

173 1029 247 1095 tres
260 1021 487 1120 interposita
506 1020 584 1094 aliae
603 1021 845 1097 ordinentur:
866 1019 964 1121 quod
984 1017 1153 1094 bifariam
1168 1017 1224 1110 fit,

175 1156 251 1230 sive
276 1182 361 1229 cum
384 1155 536 1230 AEmilio
557 1155 732 1230 Baehrens
764 1155 943 1231 traditum
963 1153 1132 1229 ordinem
1151 1178 1224 1227 ser·

173 1315 314 1383 vamus,
325 1292 468 1382 sive,·ut
479 1291 599 1366 voluit
610 1291 754 1386 Dissen,
766 1291 845 1366 ete
862 1289 1028 1389 postel5
1047 1287 1225 1386 rejicitur.

175 1424 235 1498 Ab
251 1424 321 1498 hoc
343 1434 466 1498 autem
479 1425 607 1498 ordine
626 1424 858 1520 Dissenian0,
875 1424 939 1522 qui
952 1434 989 1497 et
1001 1423 1120 1498 doctis
1133 1422 1226 1496 viris

173 1557 324 1658 Gruppe
342 1569 378 1633 et
398 1558 540 1633 Teuffel
554 1560 773 1659 perplacuit,
803 1559 919 1634 totius
945 1557 998 1632 rei
1023 1556 1225 1656 singularis

172 1692 339 1792 quaedam
365 1694 501 1791 pendet
536 1694 801 1792 interpretatio
830 1672 938 1768 nobis
963 1692 1022 1766 hic
1059 1690 1225 1766 breviter

173 1826 430 1901 contrahenda.
611 1833 613 1837 ’

222 1961 352 2036 Trium
362 1989 443 2062 quae
460 1961 643 2060 imprimis
663 1961 834 2035 locantur
845 1958 1046 2057 elegiarum
1062 1955 1111 2056 (l,
1130 1960 1168 2049 3,
1185 1958 1223 2055 5)

171 2097 375 2189 materiam,
384 2096 453 2170 hoc
466 2107 521 2170 est
533 2095 673 2170 felicem
685 2093 825 2167 Tibulli
836 2093 875 2166 in
889 2091 1034 2167 Deliam
1047 2116 1222 2186 amorem,

172 2230 287 2305 Deliae
304 2257 390 2330 erga
414 2231 606 2305 Tibullum
620 2231 809 2304 absentem
830 2227 1032 2326 perfidiam,
1049 2224 1138 2301 inde
1164 2252 1223 2300 or·

170 2374 227 2438 tas
240 2365 337 2439 inter
344 2375 555 2463 utrumque,
568 2391 657 2438 mox
665 2364 886 2462 compositas
899 2360 1110 2445 discordias,
1126 2385 1226 2433 com-

169 2499 277 2572 muni
296 2498 533 2597 legitimaque
547 2500 689 2573 ratione
704 2497 839 2572 Dissen
856 2495 1052 2593 explanat3
1071 2503 1223 2591 praeter·

170 2657 282 2731 quam
297 2633 395 2732 quod
417 2632 561 2708 Deliam
582 2632 720 2707 interea
740 2629 904 2729 puellam
927 2630 1126 2726 innuptam
1144 2652 1226 2702 esse

169 2766 290 2865 fingit.
319 2765 424 2853 Circa
448 2766 602 2866 elegiam
617 2768 638 2838 2
656 2777 781 2841 autem
801 2765 984 2863 (quartam
1014 2761 1226 2838 secundum

170 2897 318 2996 Dissen)
332 2900 529 2973 mirificum
541 2899 681 2973 fabellae
694 2900 836 2973 nodum
852 2898 1039 2997 excogitat
1059 2896 1225 2995 :quippe

172 3033 362 3108 contendit
379 3033 534 3128 diuitem
548 3034 685 3125 virum,
701 3033 765 3131 qui
783 3034 822 3105 in
836 3032 911 3107 el.5
924 3030 1071 3105 Deliam
1081 3029 1121 3102 in
1145 3029 1225 3104 cul-

169 3192 256 3265 pam
283 3165 475 3240 induxisse
500 3166 702 3253 dicebatur,
725 3165 786 3240 hic
812 3166 892 3262 jam
934 3164 973 3236 in
1003 3164 1109 3261 justo
1142 3189 1222 3237 ma·

168 3301 342 3375 trimonio
361 3300 503 3393 habere,
525 3301 577 3374 ita
604 3311 648 3374 ut
669 3326 761 3398 quas
789 3298 942 3372 insidias
969 3296 1223 3396 peregrinanti

169 3436 319 3511 Tibullo
344 3461 462 3535 nuper
481 3460 500 3509 ((
517 3445 690 3510 amator»
707 3434 844 3520 fecerit,
868 3433 987 3508 eidem
1013 3457 1115 3505 nunc
1141 3457 1222 3505 ma-

167 3570 238 3646 rito
253 3595 412 3669 praesens
425 3596 572 3643 rursum
588 3568 759 3643 Tibullus
774 3567 880 3642 faciat
893 3565 1043 3659 ;exinde
1064 3564 1220 3642 tertium

168 3703 227 3801 (el,
243 3704 280 3802 6)
293 3704 462 3802 ingruere
476 3703 701 3796 corrivalem,
720 3702 789 3776 sub
801 3703 875 3775 fine
897 3701 1007 3775 etiam
1024 3699 1103 3774 elb
1122 3725 1215 3797 prae·

165 3838 426 3937 significatum,
448 3862 558 3936 aquo
583 3847 736 3935 uterque
760 3835 872 3910 simul
895 3835 1066 3908 laedatur.
1098 3832 1216 3931 Atqui

163 3972 202 4045 in
215 3971 281 4046 illa
304 3983 498 4074 arguta-
517 3971 579 4046 sed
611 3981 742 4071 arguta
765 3969 876 4043 nimis
902 3967 1214 4065 —explicatione

161 4106 269 4205 plura
282 4105 478 4181 offensioni
492 4116 591 4197 sunt,
603 4131 685 4203 quae
703 4105 866 4179 minuere
883 4111 1073 4203 nequeunt
1087 4099 1210 4175 Disse-
