2766 4950
597 479 646 493 -
674 442 718 511 10
745 480 791 491 ..

171 586 310 662 Tibulli
325 589 482 663 editores
500 588 563 685 (1),
588 589 875 687 prudentissima
887 601 964 665 arte
981 603 1156 690 praestat;
1182 605 1219 669 et

170 721 334 818 ejusdem
362 747 381 796 ((
398 722 513 798 editio
535 733 667 822 quarta
703 723 748 796 ab
780 722 870 798 Joh.
897 722 1066 799 Vahleno
1092 736 1220 802 curata

171 855 257 952 (187
261 857 298 954 9)
332 880 351 928 1)
379 844 600 931 -tametsi
633 855 755 954 aliqua
784 857 823 929 in
849 857 1078 932 emendando
1117 859 1221 934 timi-

52 998 57 1009 '
170 988 297 1083 ditate,
312 1016 393 1065 mea
405 989 598 1077 sententia,
616 1000 739 1088 peccet
755 990 866 1066 -ita
879 1016 964 1065 cum
978 1016 1089 1089 supra
1109 991 1219 1067 dictis

169 1133 306 1233 regulis
331 1134 526 1234 congruit,
554 1145 597 1209 ut
626 1135 792 1210 omnium
824 1134 943 1209 adhuc
971 1134 1111 1233 optima
1155 1133 1219 1207 ha·

169 1268 289 1344 benda
316 1269 376 1342 sit.
407 1269 599 1363 Attamen,
633 1295 718 1343 cum
747 1279 943 1367 apparatus
977 1268 1123 1343 criticus
1160 1267 1222 1342 hic

169 1403 275 1502 plane
304 1401 544 1496 desideretur,
580 1428 720 1502 nupera
746 1402 906 1477 editione
933 1401 1219 1493 Baehrensiana,

167 1563 379 1637 quanquam
416 1563 547 1635 parum
586 1537 716 1636 placet,
751 1537 809 1610 uti
840 1535 1055 1635 plerumque
1085 1535 1125 1610 in
1149 1535 1221 1611 hoc

166 1671 345 1772 opusculo
367 1673 492 1746 visum
519 1680 588 1745 est.

653 1995 701 2077 ΙΙ

167 2277 213 2332 DE
232 2275 312 2331 FIDE
333 2271 474 2329 OPERUld
492 2268 570 2333 QUAE
588 2268 724 2322 TlBULLI
743 2267 876 2326 NOMINE
898 2268 1218 2327 ClRCUMFERUNTUR

214 2491 461 2587 Posteaquam
478 2486 524 2560 ad
545 2484 766 2584 principium
792 2485 1095 2560 Tibullianorum
1117 2484 1217 2559 codi-

167 2652 262 2715 cum,
288 2632 400 2722 prout
426 2618 525 2710 licet,
551 2618 779 2708 accessimus
799 2629 983 2693 movetur
1006 2617 1076 2692 alia
1098 2643 1216 2717 quaes·

164 2761 217 2834 tio
236 2767 445 2857 :quatenus
477 2752 687 2850 primitivus
710 2752 773 2827 ille
797 2752 914 2826 codex
940 2753 1050 2827 nobis
1075 2751 1219 2826 Tibulli

163 2919 262 2969 mera
270 2890 399 2965 reddat
411 2913 531 2985 opera.
541 2886 658 2960 Porro
669 2885 807 2961 Tibulli
820 2886 1046 2962 carminibus
1059 2886 1217 2985 pseudo-

202 3118 241 3188 (i)
253 3115 292 3169 Hi
310 3118 383 3178 sunt,
399 3115 461 3182 post
480 3107 630 3164 editionem
648 3108 751 3163 Tibulli
768 3109 861 3180 [simul
877 3108 979 3165 Catulli
999 3115 1028 3163 et
1043 3108 1181 3180 Properti]
1201 3126 1221 3163 a

167 3204 303 3274 Scaligero
319 3207 441 3257 curatam
454 3198 595 3270 (Lutetiae,
610 3198 700 3268 1577),
712 3195 847 3268 potissimi
860 3195 963 3251 Tibulli
976 3195 1093 3252 editores
1109 3216 1116 3252 ε

200 3295 225 3351 Ι.
240 3295 447 3357 Β110001105105,
457 3287 666 3357 Amstelodami,
684 3288 762 3342 1708.
776 3315 813 3326 -
826 3285 858 3342 7.
875 3287 912 3340 A.
927 3286 1063 3354 7011105,
1080 3284 1217 3351 Patavina,

165 3386 244 3439 1749.
260 3385 317 3440 -C
329 3425 336 3439 .
348 3381 383 3441 G.
396 3380 511 3452 Harsa,
536 3375 647 3448 Lipsiae,
669 3375 834 3432 1755·1817.
850 3403 888 3415 -
905 3374 923 3430 7
927 3420 934 3433 .
949 3374 987 3428 Η.
1001 3372 1087 3443 Voss,
1104 3372 1220 3428 Heidel-

164 3474 240 3544 berg,
257 3474 336 3529 1811.
349 3474 425 3530 -Ο,
437 3474 468 3531 O.
483 3475 574 3534 Bion,
597 3465 710 3539 Lipaiae,
724 3465 803 3523 1819.
814 3463 906 3523 -Im
924 3464 958 3518 G.
968 3462 1120 3533 Husonnu,
1134 3462 1219 3531 ibid,

164 3563 243 3622 1819.
263 3595 299 3603 -
314 3562 346 3620 T.
364 3564 397 3621 Ε.
412 3563 627 3628 Warrnnamcn,
643 3554 781 3624 Gotting,
804 3553 884 3612 1819.
908 3582 945 3594 -
962 3552 1034 3612 Oea.
1053 3552 1219 3606 Leontina

163 3652 253 3722 (simul
268 3653 369 3708 Cetei
383 3654 504 3724 Propert.
518 3649 665 3713 recensor),
678 3641 807 3712 Berolini,
825 3642 905 3700 1829.
922 3673 957 3682 -
968 3643 1038 3697 Lon.
1052 3640 1167 3706 Dissuu,
1182 3655 1220 3692 ex

162 3741 320 3795 recensione
335 3742 396 3796 Car.
413 3741 582 3806 Lachmann,
604 3732 741 3801 Gotting,
759 3729 840 3786 1835.
853 3759 888 3770 —
911 3729 951 3786 Μ.
968 3729 1085 3799 Henna,
1109 3727 1219 3798 Lipsiae,

164 3831 243 3886 1853.
258 3861 294 3870 -
306 3831 374 3888 Luc.
394 3831 546 3895 Murmura,
569 3822 665 3895 Lipsiae
690 3819 774 3891 (apud
795 3817 941 3891 Teubner),
974 3817 1054 3888 1870,
1084 3817 1165 3876 1877.
1181 3847 1218 3857 -

162 3919 232 3973 AEu.
246 3919 399 3989 Bnnanns,
414 3918 528 3989 Lipsiae,
545 3913 625 3968 1878.
640 3940 676 3950 -
687 3911 723 3964 Μ.
736 3908 841 3979 Haupt,
856 3913 972 3963 curante
991 3907 1124 3962 Jonauun
1139 3904 1221 3960 Ven-

163 4021 230 4074 turi,
243 4009 353 4079 Lipsiae,
370 4008 451 4066 1879.

200 4095 288 4150 Nihili
299 4102 390 4151 autem
405 4092 568 4150 aestimanda
583 4095 625 4144 set
637 4086 720 4142 editio
735 4085 872 4140 incassum
883 4084 995 4155 copiose
1005 4101 1085 4155 quem
1095 4083 1194 4138 confec
