2766 4950
577 543 617 556 -
651 504 770 571 a>-

166 661 281 723 auctor
295 692 344 707 -·
356 653 567 751 poeticaque
579 652 643 726 illa
655 652 902 750 gratulatione
927 653 996 726 sibi
1011 666 1202 750 paraverat

165 783 374 881 adjutorem.
402 786 590 885 Quidquid
616 787 655 859 id
684 797 749 878 est,
776 785 931 860 Messala
956 786 1082 861 eodem
1107 813 1204 861 anno

165 927 234 990 tam
246 918 473 994 familiariter
484 918 634 993 Tibullo
653 918 840 1009 utebatur,
858 930 900 994 ut
921 946 1042 994 secum
1064 920 1104 993 in
1119 919 1203 994 Gal·

164 1051 256 1143 liam,
270 1054 311 1126 in
327 1052 491 1128 Ciliciam
509 1053 685 1128 abducere
701 1065 848 1153 cuperet
866 1083 873 1127 :
902 1080 983 1151 quan
996 1055 1078 1127 duae
1095 1080 1203 1151 expe·

163 1185 316 1262 ditiones
334 1188 411 1262 sine
427 1188 541 1261 dubio
554 1198 591 1262 et
617 1199 699 1287 post
717 1188 905 1262 Actiacam
928 1188 1131 1282 victoriam,
1147 1188 1206 1262 cui

163 1319 315 1396 Messala
344 1323 570 1415 interfuerat,
588 1333 624 1396 et
655 1333 739 1397 ante
766 1323 997 1419 triumphum
1022 1349 1132 1420 quem
1161 1323 1205 1395 de

161 1457 246 1532 fusis
262 1457 461 1556 Aquitanis
473 1456 684 1555 reportarit,
702 1456 837 1533 scilicet
856 1457 952 1530 intra
967 1482 1025 1531 an.
1046 1459 1205 1530 aaa-727

162 1591 261 1667 factae
278 1603 388 1666 sunt:
408 1591 470 1667 sed
495 1601 579 1666 utra
595 1601 758 1687 tempore
775 1591 887 1688 prior,
906 1591 1076 1689 quisnam
1094 1591 1206 1688 potis·

165 1725 296 1799 simum
313 1724 524 1824 Aquitanici
536 1724 622 1798 belli
636 1750 754 1797 annus
778 1725 900 1815 fuerit,
914 1724 952 1797 in
967 1725 1151 1822 ambigua.
1171 1724 1209 1799 Si

166 1860 361 1937 enimcum
385 1859 474 1933 viris
503 1859 638 1932 criticis
666 1857 812 1950 Dissen,
831 1858 1015 1949 Baehrens,
1034 1858 1210 1956 Hartung

167 1995 367 2095 Aquitanas
380 2005 509 2092 gentes
524 2018 584 2065 an.
604 1994 674 2065 724
687 1993 848 2067 devictas
864 1993 1095 2082 arbitremur,
1112 2018 1208 2090 quae·

165 2140 260 2204 retur
269 2127 454 2228 quomodo
466 2127 629 2200 evenerit
644 2138 686 2200 ut
699 2125 863 2201 Messalae
878 2127 1088 2221 triumphus
1098 2126 1209 2198 modo

167 2263 402 2339 celebraretur
421 2271 587 2334 extremo
613 2286 671 2332 an.
703 2263 785 2333 727.
813 2260 876 2335 Sin
897 2287 955 2333 an.
987 2262 1067 2351 726,
1089 2261 1209 2356 majus

167 2399 264 2472 obest
289 2395 596 2494 impedimentum
622 2424 630 2468 :
659 2420 745 2468 nam
780 2406 926 2469 constat
958 2420 1016 2466 an.
1050 2397 1208 2467 tna-tac

167 2532 327 2604 clausum
341 2529 452 2602 fuisse
467 2527 556 2602 dani
570 2528 762 2625 templum,
778 2539 814 2603 et
832 2554 1042 2626 quanquam
1055 2554 1130 2625 pax
1148 2527 1211 2601 illa

167 2662 306 2762 imperii
337 2661 509 2750 Romani,
527 2672 621 2735 teste
649 2659 774 2735 Cassio
799 2660 918 2733 Dione
946 2660 1014 2757 (1),
1029 2661 1210 2758 aliquibus

166 2796 310 2870 turbata
322 2805 378 2869 est
392 2794 627 2868 Trevirorum
643 2793 967 2891 Hispanorumque
976 2793 1211 2883 tumultibus,

167 2930 250 3005 item
277 2928 457 3004 exarsisse
489 2928 742 3026 Aquitaniam,
767 2939 804 3002 et
831 2928 944 3001 tantis
972 2927 1107 3024 proeliis
1133 2953 1214 3024 quae

168 3064 247 3138 duci
292 3063 524 3161 triumphum
579 3073 768 3159 pararent,
821 3064 1023 3160 conjectare
1064 3062 1215 3134 omnino

168 3197 371 3297 nequimus.
385 3195 475 3269 ideo
490 3206 648 3269 statuere
661 3198 775 3270 satius
788 3208 843 3270 est
859 3195 1053 3270 Messalam
1073 3221 1131 3268 an.
1146 3199 1213 3268 724

168 3331 264 3431 apud
278 3329 405 3407 Gallos
430 3330 635 3422 bellavisse,
672 3358 762 3404 mox
787 3331 902 3404 dilato
933 3329 1136 3426 triumph0,
1153 3355 1211 3401 an.

170 3469 236 3540 725
252 3465 418 3564 legatum
442 3489 518 3536 esse
539 3463 578 3536 in
605 3462 803 3557 Orientem,
827 3464 889 3562 qui
915 3462 1059 3551 Cilicas,
1087 3462 1213 3558 Syros,

168 3610 293 3697 postea
312 3597 511 3695 AEgyptios
532 3596 689 3695 politicis
719 3598 837 3694 magis
862 3623 972 3692 quam
997 3572 1217 3668 militaribus

169 3733 310 3805 artibus
331 3742 565 3828 componeret
582 3760 589 3804 :
606 3757 691 3805 cum
717 3756 788 3828 qua
805 3731 985 3803 sententia
1017 3729 1133 3826 ipsius
1154 3728 1216 3800 Ti·

169 3863 262 3937 bulli
280 3889 397 3937 sermo
416 3888 616 3960 congruere
631 3865 788 3954 videtur,
803 3862 918 3957 quiin
934 3859 980 3934 el.
1000 3860 1029 3951 Ι,
1048 3864 1067 3933 7
1089 3860 1139 3930 (v.
1157 3859 1218 3929 10-

209 4068 247 4138 (1)
265 4070 336 4125 Hist.
356 4069 431 4124 Rom.
454 4067 503 4131 LI,
519 4066 563 4124 20.
584 4098 618 4106 -
642 4067 689 4120 cf.
714 4067 882 4136 Appianum,
903 4067 957 4118 Bel.
985 4066 1033 4117 civ.
1053 4062 1104 4130 IV,
1128 4062 1170 4128 38,
1187 4060 1221 4113 dc

172 4156 290 4212 Messala
304 4156 332 4208 in
346 4155 439 4210 Gallos
452 4173 467 4207 a
483 4155 588 4209 Oasara
603 4156 703 4225 legata.
