2766 4950
510 515 556 528 ..
582 497 610 546 γ
633 515 682 528 -.

71 619 166 708 cavi,
197 621 395 719 comperies
423 623 572 697 nullum
594 625 674 719 jam
698 624 845 698 Tibulli
868 651 1023 716 carmen,
1041 622 1126 698 nul·

68 752 148 824 lum
179 779 342 844 versum,
371 756 515 830 nullam
543 783 656 856 prope
685 784 815 832 vocem
848 758 1020 846 existere,
1044 783 1126 856 quae

68 912 145 960 non
179 888 323 962 venerit
352 889 392 962 in
429 891 671 988 quaestionem
695 917 901 989 ensemque
932 890 1128 964 contrariis

69 1019 301 1094 eruditorum
319 1022 509 1097 sententiis
528 1024 668 1100 dederit
680 1054 689 1117 ;
701 1050 820 1124 neque
843 1024 1005 1122 amplius
1019 1022 1127 1096 nobis
1223 1030 1226 1037 ⁴

69 1152 210 1252 aliquid
238 1155 412 1230 intentati
442 1157 678 1253 sperandum.
708 1159 835 1256 Atqui,
880 1184 998 1257 quum
1029 1181 1126 1230 nova

69 1287 110 1359 in
138 1287 303 1362 medium
338 1290 496 1386 proferre
523 1318 758 1391 nequeamus,
787 1293 884 1367 alius
909 1292 992 1388 jam
1023 1313 1125 1363 nunc

70 1421 219 1495 videtur
240 1448 427 1521 superesse
440 1425 544 1500 labor
562 1455 570 1500 :
586 1437 629 1501 ut
653 1426 806 1500 demum
827 1426 927 1498 inter
946 1433 1004 1498 tot
1024 1421 1124 1496 criti·

71 1581 200 1631 corum
228 1583 335 1633 sensa
369 1559 562 1659 deligatur,
600 1559 763 1658 dispersa
805 1557 1123 1657 conglutinentur,

69 1713 159 1763 vera
177 1691 310 1790 saepius
331 1692 431 1768 falsis
450 1693 583 1768 obruta
603 1693 797 1768 eliciantur
804 1719 815 1786 ;
837 1692 998 1789 denique
1017 1689 1125 1763 rebus

70 1823 190 1898 aliena
218 1851 327 1925 opera
358 1827 495 1924 paratis
525 1827 724 1927 effingatur
753 1828 908 1922 integra
934 1837 983 1914 et,
1007 1821 1127 1922 quoad

70 1970 206 2056 potest,
233 1960 401 2035 absoluta
424 1961 616 2035 clarissimi
636 1971 753 2059 poetae
778 1960 914 2058 figura.

120 2090 266 2192 Itaque,
285 2120 370 2168 cum
381 2094 426 2170 de
442 2095 582 2169 Tibulli
593 2107 714 2186 textu,
729 2105 814 2169 tum
829 2095 874 2168 de
884 2094 958 2169 fide
971 2119 1125 2192 operum

70 2251 154 2325 quae
167 2226 308 2301 Tibulli
321 2229 470 2303 nomine
485 2240 751 2328 pernotuerunt
765 2229 893 2305 brevia
907 2228 1074 2328 quaedam
1088 2239 1126 2302 et

70 2363 275 2437 necessaria
300 2363 483 2461 praefatus,
502 2362 600 2437 illius
630 2364 825 2464 aggrediar
852 2363 942 2437 vitae
968 2363 1126 2437 curricu-

71 2495 152 2569 lum
164 2525 174 2588 3
208 2495 379 2595 deinceps
417 2498 622 2571 carminum
659 2498 769 2571 simul
803 2508 916 2596 atque
954 2522 1124 2571 amorum

74 2631 176 2728 (nam
204 2657 346 2719 canere,
375 2658 495 2706 amare
522 2630 674 2706 Tibullo
697 2632 770 2706 fere
798 2658 916 2705 unum
941 2641 979 2705 et
1009 2630 1120 2728 idem)

70 2791 340 2865 recognoscam
360 2777 537 2864 tempora,
551 2765 727 2860 ordinem,
740 2776 925 2858 tenorem3
938 2774 1124 2861 postremo

69 2897 118 2972 de
144 2899 318 2973 universa
345 2898 572 2974 Tibullianae
598 2925 746 2997 poeseos
771 2897 893 2973 indole
919 2909 1027 2995 atque
1048 2907 1125 2970 arte

70 3032 198 3130 paucis
213 3032 421 3114 absolvam.
