2766 4950
597 480 645 493 ..
673 443 719 512 47
746 482 793 493 ..

168 587 363 661 nianorum
379 586 618 663 inventorum
635 589 805 665 fautores,
821 587 966 664 Scilicet
980 585 1091 661 velim
1107 586 1214 661 nobis

168 720 341 795 amatoris
360 720 460 794 illius
476 747 541 796 seu
552 723 676 796 mariti
686 722 996 821 peregrinationes
1013 719 1213 815 enucleent,

168 855 233 953 qui
248 854 365 950 miles,
381 854 529 930 Tibullo
545 882 630 931 cum
641 856 797 932 Messala
809 857 848 929 in
863 854 1027 931 Cificiam
1040 855 1213 952 prolect0‚

168 987 299 1063 Romae
329 987 491 1084 otietur3
538 1015 683 1064 reverso
719 989 881 1082 Tibullo,
909 988 1068 1061 vixdum
1098 998 1216 1085 nupta

167 1120 287 1212 Delia,
309 1122 349 1195 in
365 1121 492 1198 Cilicia
506 1123 665 1198 militare
679 1123 843 1217 dicatur;
868 1122 1020 1222 posthac
1047 1123 1086 1194 in
1117 1120 1215 1195 Urbe

165 1256 304 1330 iterum
326 1256 496 1332 videatur
521 1258 667 1333 versari.
695 1257 817 1332 Velim
842 1258 1041 1333 edisserant
1066 1282 1214 1355 quamo-

164 1391 270 1465 brem
294 1389 358 1464 illa
387 1391 430 1466 el.
461 1393 493 1485 2,
528 1416 638 1490 quam
665 1403 814 1466 censent
846 1403 929 1489 post
958 1391 1216 1464 infidelitatem

165 1524 283 1600 Deliae
298 1526 486 1624 scriptam,
500 1525 691 1625 zelotypia
705 1538 828 1600 tamen
855 1551 902 1601 ne
925 1526 1122 1624 vestigium
1137 1525 1215 1622 qui-

164 1659 251 1734 dem
274 1660 417 1735 habeat.
439 1660 578 1737 Docere
609 1686 753 1760 quoque
790 1659 959 1748 debeant,
988 1663 1052 1760 qui
1079 1662 1143 1734 fiat
1172 1669 1215 1733 ut

165 1792 360 1868 submissis
375 1793 597 1891 ‚hujusmodi
622 1796 919 1894 supplicibusque
938 1795 1059 1870 verbis
1076 1794 1134 1890 (el.
1154 1791 1188 1891 6)
1207 1823 1215 1868 1

268 1979 340 2042 Non
350 1999 406 2060 ego
420 1986 450 2042 te
461 1980 524 2042 laesi
536 1980 666 2061 prudens
680 2007 687 2043 ε
703 1982 823 2059 ignosce
833 1983 940 2044 fatenti

164 2219 217 2230 -
241 2202 324 2276 quae
346 2178 437 2253 bene
467 2178 512 2253 de
543 2178 709 2277 quolibet
739 2181 895 2279 conjuge
933 2177 1212 2276 intellegantur,

164 2351 216 2364 -
246 2309 417 2384 Tibullus
448 2312 572 2409 ipsum
603 2313 756 2389 rivalem
785 2312 993 2411 alloquatur
1020 2311 1083 2408 qui
1112 2336 1217 2384 suam

163 2444 311 2520 Deliam
334 2447 535 2544 corruperit
551 2447 568 2520 ?
583 2447 653 2522 Sed
669 2447 813 2547 singula
837 2471 981 2544 carpere
999 2469 1211 2542 supervaca-

162 2606 278 2663 neum
299 2590 356 2655 est
373 2580 584 2678 :Ludolphi
609 2581 740 2656 Dissen
763 2581 1109 2657 commentationem
1134 2579 1217 2652 ideo

163 2741 261 2815 nego
269 2688 528 2814 recipiendam,
542 2717 628 2815 quia
640 2717 860 2792 Tibullianae
878 2728 914 2790 61
929 2713 1156 2812 simplicitati
1180 2727 1216 2789 et

164 2851 368 2926 urbanitati
380 2878 528 2950 prorsus
541 2854 895 2952 repugnatEtenim
907 2852 990 2926 siin
1003 2851 1216 2925 universum

165 2987 386 3086 spectaveris
401 2960 491 3085 quot
502 2998 539 3062 61
551 2988 675 3086 quales
693 3013 813 3062 rerum
828 2988 946 3061 vices:
963 2985 1106 3070 itinera,
1121 3009 1214 3081 nup-

165 3122 242 3214 1166,
254 3121 399 3196 fraudes
417 3123 612 3216 amatoriae,
626 3123 723 3196 intra
733 3095 807 3196 tres
821 3122 955 3220 elegias
960 3120 1043 3214 ,illo
1056 3128 1214 3210 auctore,

166 3265 425 3355 congerantur,
460 3282 535 3329 non
570 3256 704 3353 poteris
738 3256 829 3353 quin
866 3281 950 3328 cum
993 3251 1038 3328 Ο.
1063 3251 1215 3325 Richter

165 3389 347 3465 exclames
364 3388 463 3488 quod
476 3390 603 3463 aiunt:
623 3388 855 3486 implicatam
878 3386 1050 3478 fabulam,
1067 3384 1213 3457 misera-

165 3524 275 3599 bilem
303 3524 506 3598 amasium!
538 3551 578 3599 ac
606 3524 807 3622 praesertim
833 3522 966 3598 senties
991 3521 1213 3618 quicumque

169 3632 187 3732 c
204 3668 403 3732 amatorem
421 3683 439 3731 1
459 3658 504 3732 61.
519 3661 539 3732 5
570 3669 605 3733 61
622 3683 640 3731 c
657 3632 851 3757 conjugem
868 3681 886 3729 1)
907 3657 952 3730 el.
973 3657 1077 3727 2616
1097 3679 1214 3726 unum

167 3793 408 3891 eumdemque
438 3818 515 3867 esse
537 3794 695 3891 fingant,
725 3819 809 3865 cum
830 3792 869 3864 id
895 3801 1002 3889 poeta
1028 3813 1074 3860 ne
1098 3787 1210 3861 verbo

169 3927 317 4024 quidem
331 3926 556 4019 indicaverit,
573 3926 656 4000 illos
671 3926 895 4000 hariolorum
919 3925 994 3997 vice
1008 3922 1123 4020 fungi,
1138 3945 1214 3993 non

170 4063 428 4158 interpretum.
