2766 4950
613 469 785 538 ..2-

165 627 263 690 runt.
297 616 386 708 Quae
421 618 494 692 viri
518 627 680 715 spectata
711 614 930 690 auctoritate
968 610 1213 694 disserebant,

30 796 41 807 =
159 751 239 847 jam
252 760 446 827 retractare
460 777 537 825 non
548 778 673 827 meum
686 762 743 824 est
762 779 771 840 ;
787 749 848 824 sed
862 748 1038 848 quoniam
1048 745 1100 819 rei
1113 768 1214 816 sum-

83 948 88 957 .
163 909 264 957 mam
293 884 429 959 intueri
452 912 528 960 non
566 884 796 959 mediocriter
830 883 992 974 interest,
1020 878 1215 974 utriusque

160 1017 264 1090 nisus
297 1017 449 1109 auxilio,
483 1017 529 1092 de
567 1017 752 1092 codicibus
781 1031 864 1090 tum
889 1011 1212 1101 Lachmannianis‚

162 1161 243 1223 tum
267 1149 550 1246 Baehrensianis,
582 1162 689 1226 antea
710 1151 755 1225 de
784 1149 1005 1249 quibusdam
1027 1145 1216 1221 vetustio-

100 1296 102 1301 “
163 1283 262 1357 ribus
279 1283 456 1379 fontibus
490 1285 659 1384 pretiosis
687 1284 906 1360 emendandi
928 1281 1111 1372 subsidiis,
1129 1279 1214 1353 bre-

163 1418 259 1492 viter
271 1418 476 1516 expediam.

413 1707 464 1770 §a
487 1721 520 1758 nn
539 1720 648 1759 camus
667 1719 808 1766 ausurus
828 1719 964 1761 suasrnrrs.

213 1923 300 1998 Tria
313 1926 351 1998 in
365 1951 560 2013 summam,
572 1928 657 2024 jure
680 1926 824 2000 omissis
845 1925 887 1997 F.
905 1924 1032 1999 Puccii
1056 1933 1211 1997 annota-

162 2056 325 2131 tionibus
344 2057 407 2154 (1),
422 2069 689 2156 nuncupantur
706 2088 714 2132 :

214 2191 264 2289 (a.
281 2190 549 2290 Fragmentum
568 2192 810 2290 Oujacianum
827 2202 1083 2290 pervetustum
1107 2190 1209 2287 (inde

164 2351 185 2398 a
202 2324 268 2399 lib.
285 2323 362 2418 III,
380 2331 416 2413 4,
434 2352 469 2399 v.
487 2327 564 2423 65),
582 2326 627 2400 ab
641 2326 723 2400 dos.
744 2325 927 2425 Scaligero
944 2325 983 2398 in
1004 2324 1215 2400 recensione

165 2457 305 2531 Tibulli
334 2469 557 2557 usurpatum
578 2489 586 2534 ε
615 2459 813 2558 quodcum
835 2460 1010 2533 amissum
1030 2459 1139 2532 hodie
1153 2459 1215 2532 do

163 2591 291 2685 lomus,
307 2602 364 2666 sat
377 2593 473 2667 bene
496 2594 668 2667 novimus
692 2620 757 2692 per
771 2605 944 2690 excerpta
967 2592 1214 2667 Plantinianae

162 2726 315 2802 editioni
329 2725 466 2826 [1569]
481 2754 501 2801 a
519 2727 702 2828 Scaligero
713 2729 870 2826 ascripta
881 2727 946 2826 ()
958 2767 1001 2783 -
1012 2727 1213 2826 Fragmen-

161 2871 244 2933 tum
264 2861 334 2934 hoc
356 2860 468 2959 (quid,
483 2861 514 2934 si
532 2861 678 2961 integra
692 2862 817 2935 charta
830 2862 1034 2935 frueremur
1049 2859 1071 2959 1)
1084 2870 1213 2934 textus

162 2992 318 3066 formam
335 2993 447 3093 longe
471 2995 650 3092 optimam
672 2995 821 3094 praebet.
852 2993 988 3069 Insunt
1013 2994 1111 3068 enim
1133 3020 1212 3092 per·

164 3152 279 3225 pauca
293 3128 428 3201 menda
455 3129 655 3226 scriptura,
673 3130 881 3226 conjectura
905 3129 971 3202 vix
994 3153 1083 3219 una,
1099 3153 1214 3226 eaque

164 3258 349 3334 levissima
361 3290 371 3354 ;
392 3260 569 3335 lectiones
592 3273 716 3336 autem
739 3261 893 3361 egregiae
926 3261 1109 3360 (videlicet
1136 3259 1212 3353 III,

166 3399 199 3486 4,
218 3398 262 3468 79
276 3423 286 3487 ;
308 3400 345 3482 4,
367 3398 433 3487 89;
455 3394 528 3486 IV,
545 3400 577 3489 l,
596 3399 641 3469 55
655 3426 665 3490 3
692 3399 726 3482 3,
757 3399 803 3488 33
835 3395 1037 3494 praesertim
1064 3395 1112 3467 in
1131 3393 1212 3469 Sul·

198 3670 233 3739 (1)
247 3669 306 3723 Illae
335 3670 537 3740 annotationes,
554 3672 652 3742 quibus
671 3670 776 3742 aliquid
800 3671 972 3726 auctoritatis
1000 3671 1096 3726 tribuit
1121 3672 1213 3726 Lach-

161 3775 256 3829 mann,
269 3757 344 3827 quasi
366 3757 398 3811 de
419 3758 570 3828 antiquiore
589 3760 659 3815 libro
680 3760 825 3831 excerptis,
841 3776 907 3830 quas
936 3760 1067 3815 Baehrens
1084 3761 1144 3815 vult
1169 3779 1215 3817 co-

161 3852 259 3916 gnatas
285 3846 500 3918 Guelferbytauo
523 3864 572 3902 suo
592 3848 689 3917 tuisse,
705 3866 800 3903 revera
821 3849 891 3904 nihil
913 3849 990 3904 nobis
1012 3850 1136 3922 praebent
1159 3850 1214 3906 nisi

162 3934 384 4006 interpolationes
398 3937 490 3991 nescio
503 3936 582 4005 cujus
590 3937 691 3992 novicii
705 3938 834 3993 Italorum
849 3939 961 4001 codicis.

198 4025 239 4096 (2)
254 4023 411 4078 Lachmann
425 4040 480 4080 non
491 4026 586 4080 habuit
599 4026 683 4098 ipsius
696 4027 827 4098 Scaligeri
840 4036 979 4101 excerpta,
989 4028 1036 4084 sed
1048 4046 1108 4098 quae
1125 4028 1212 4084 Hein-

166 4111 222 4165 sius
235 4111 263 4165 in
280 4112 407 4168 Aldinam
422 4115 518 4188 [1515]
535 4115 763 4188 transscripserat,
