2766 4950
588 448 853 518 -43-.

118 582 120 601 '
175 591 296 684 dicam,
312 619 487 691 personas
501 579 669 670 amatorii
687 596 786 670 illius
806 597 980 671 dramatis
995 600 1093 696 quod
1110 600 1214 698 quin·

172 749 237 822 que
259 724 387 826 elegiis
406 728 541 827 agitur.

218 862 289 940 Sed
331 864 546 962 priusquam
596 865 715 962 ipsam
760 865 922 940 fabulam
959 865 1214 956 edisseramus,

166 978 322 1072 maximi
335 998 514 1072 momenti
529 1009 586 1073 est
602 997 648 1073 de
668 1024 755 1074 vero
780 999 977 1099 elegiarum
1001 1000 1128 1075 ordine
1152 1026 1215 1074 an·

166 1132 328 1229 quirere:
346 1159 431 1206 cum
451 1143 526 1207 tres
545 1132 782 1230 potissimum
796 1133 992 1208 ordinandi
1019 1135 1178 1209 rationes
1197 1161 1218 1209 a

164 1263 285 1340 doctis
298 1252 389 1339 ¹‘viris
408 1266 605 1364 proposita
628 1267 713 1360 sint,
738 1267 869 1342 Carolo
893 1268 1109 1343 Lachmann
1142 1279 1217 1343 sta·

164 1409 294 1474 tuente
307 1399 353 1474 el.
370 1397 404 1490 I,
425 1402 460 1473 3.
481 1403 515 1473 1.
534 1401 567 1473 2.
585 1403 619 1473 5.
638 1404 658 1472 6
676 1399 737 1499 (1),
753 1401 848 1475 Lud.
865 1400 1000 1475 Dissen
1017 1399 1047 1496 Ι,
1068 1406 1098 1475 l.
1118 1405 1154 1475 3.
1177 1406 1212 1476 5.

165 1537 199 1608 2.
218 1537 252 1626 6,
266 1533 368 1608 AEm.
380 1533 558 1608 Baehrens
574 1534 799 1632 simpliciter,
815 1535 1019 1610 secundum
1038 1535 1217 1610 librorum

162 1667 396 1765 scripturam,
411 1664 441 1759 I,
460 1671 493 1740 1.
511 1667 546 1739 2.
571 1668 606 1741 3.
624 1671 660 1739 5.
680 1671 700 1739 6
736 1667 924 1766 ipsiusque
938 1669 989 1742 rei
1004 1668 1215 1766 explicatio·

162 1824 252 1874 nem
267 1799 378 1874 aliam
392 1798 500 1873 aliter
516 1798 685 1873 ordinata
701 1801 863 1873 carmina
876 1801 1050 1874 efficiant.

217 1933 542 2009 Lachmannianus
562 1934 664 2027 ordo,
684 1935 729 2008 ab
749 1933 794 2010 Ο.
810 1935 961 2009 Richter
985 1946 1022 2008 et
1035 1933 1074 2008 J.
1097 1933 1217 2033 Soury

163 2081 345 2168 receptus,
363 2068 510 2144 defendi
523 2078 647 2142 tamen
663 2069 728 2141 vix
749 2079 873 2166 potest
891 2099 899 2143 :
918 2094 1027 2143 nemo
1041 2070 1140 2143 enim
1159 2069 1218 2143 lit

163 2215 317 2298 teratus,
327 2202 527 2303 pervolutis
537 2203 801 2301 aliquantisper
814 2203 953 2278 Tibulli
967 2204 1131 2301 scriptis,
1151 2204 1216 2276 du·

163 2337 301 2413 bitabit
327 2337 418 2437 quin
442 2338 648 2412 carminum
675 2337 720 2411 de
747 2336 854 2411 Delia
879 2338 987 2412 series
1006 2338 1051 2411 ab
1077 2337 1123 2410 el.
1146 2333 1214 2430 LI

164 2471 319 2546 initium
334 2472 464 2569 capiat,
487 2497 708 2570 nequaquan
723 2472 768 2545 ab
792 2471 838 2545 el.
854 2469 885 2561 Ι,
909 2475 929 2544 3
960 2496 1071 2569 quam
1100 2469 1216 2544 Lach-

164 2630 280 2679 mann
294 2604 452 2703 primam
465 2631 542 2680 esse
556 2605 686 2679 voluit.
702 2604 852 2679 Etenim
865 2605 918 2678 ita
935 2604 1012 2678 haec
1025 2630 1072 2678 ex
1084 2604 1216 2702 abrup-

165 2751 207 2812 to
240 2739 385 2837 incipit,
419 2750 461 2814 ut
490 2749 598 2837 poeta
625 2765 731 2837 aeger,
759 2739 798 2812 in
827 2737 984 2837 Corcyra
1011 2737 1216 2830 derelictus,

165 2871 334 2948 Messala
347 2874 503 2949 tristiter
510 2874 700 2968 valedicat,
718 2885 912 2971 urgentem
923 2884 1079 2947 mortem
1092 2873 1217 2970 depre-

164 3019 279 3102 cetur,
295 3008 382 3083 hinc
406 3009 485 3108 pias
511 3021 686 3109 queratur
718 3009 840 3082 abesse
865 3008 1062 3081 mulierum
1085 3028 1218 3081 manus

163 3169 249 3243 quae
268 3168 439 3240 suprema
451 3143 521 3216 sibi
542 3143 708 3236 solvant3
726 3143 812 3217 inde
831 3142 1016 3217 exclamat
1035 3171 1042 3214 :
1065 3151 1080 3206 i
1107 3139 1218 3216 Delia

161 3303 243 3353 non
256 3303 487 3377 usquam...»
506 3277 577 3353 Sed
589 3304 758 3376 quaenam
772 3281 820 3351 sit
832 3276 1023 3365 illaDelia‚
1033 3275 1218 3374 quomodo

164 3423 310 3512 apoeta
324 3413 394 3488 coli
407 3413 575 3511 coeperit:
594 3440 713 3513 neque
724 3413 844 3488 adhuc
855 3412 977 3486 edocti
994 3436 1132 3502 sumus,
1151 3434 1218 3483 nec

164 3518 404 3646 sequentibus
429 3545 596 3622 versibus
616 3547 830 3637 edocemur3
856 3544 1045 3641 extemplo
1063 3542 1216 3642 proripi·

164 3708 253 3758 mur
274 3680 346 3754 «in
362 3681 500 3756 medias
526 3707 631 3774 res»,
653 3681 751 3780 quod
779 3705 865 3778 epos
891 3704 986 3770 sane,
1015 3688 1053 3751 at
1082 3677 1216 3768 minus,

164 3816 286 3911 credo,
303 3815 457 3915 elegiam
474 3814 587 3909 decet,
609 3813 708 3912 quod
730 3812 861 3889 saltem
881 3811 1091 3886 Tibulliano
1114 3810 1215 3908 inge-

205 4021 245 4091 (l)
256 4020 300 4076 nl.
318 4019 341 4090 Ι,
355 4021 382 4088 4,
399 4018 562 4073 carminibus
582 4018 615 4072 dc
634 4017 714 4073 Delia
726 4016 880 4086 interjecta,
894 4015 1012 4086 pertinet
1025 4021 1059 4068 ad
1073 4011 1168 4068 seriem
1184 4011 1217 4066 dc

164 4109 294 4166 Maratho
308 4125 368 4180 quac
382 4108 456 4163 infra
474 4108 666 4182 explicabitur.

1097 4195 1113 4244 4
