2766 4950
604 506 776 575 ..8.-

163 660 239 733 rius
254 658 452 757 diligenter
467 682 552 728 eum
569 681 650 729 exc.
663 654 841 730 Parisiuis
858 657 1079 732 contulerit:
1096 681 1218 755 neque

162 790 420 890 improbanda,
443 799 488 862 ut
509 789 651 885 opinor,
664 787 776 885 hujus
795 791 1080 889 argumentatio.
1103 789 1218 863 Nam·

163 950 246 1022 que,
264 923 363 1023 quod
382 922 428 996 ad
445 931 619 996 externas
644 921 805 996 rationes
820 923 965 1017 attinet,
992 923 1156 998 ostendit
1178 935 1219 997 et

165 1058 329 1159 ejusdem
356 1055 536 1153 temporis
561 1054 732 1130 librarios
759 1057 891 1155 saepius
920 1057 1097 1133 Parisinis
1128 1083 1218 1131 usos

165 1219 253 1286 esse,
282 1205 318 1266 et
338 1189 546 1289 praesertim
578 1185 700 1264 Guelf.
726 1190 798 1263 tria
822 1191 952 1265 saltem
987 1191 1067 1268 loca
1093 1191 1217 1265 inesse

165 1352 333 1426 quorum,
341 1325 415 1397 nisi
425 1322 592 1398 Parisino
605 1322 769 1398 adhibita
778 1326 1064 1424 praesumpseris
1079 1325 1147 1400 vix
1159 1351 1216 1401 ra·

162 1461 302 1535 tionem
317 1457 467 1549 reddas3
483 1455 628 1543 deinde,
653 1457 752 1555 quod
778 1457 823 1531 ad
843 1458 1016 1534 intimam
1045 1458 1216 1536 Guelfer-

162 1594 293 1694 bytani
311 1591 485 1684 indolem,
501 1592 588 1688 jure
603 1590 801 1667 Rothstein
829 1594 989 1670 aestimat
1021 1620 1219 1694 nunquam

161 1729 247 1804 hinc
255 1754 369 1802 novas
379 1726 567 1824 utilesque
584 1728 811 1826 suppeditari
818 1729 964 1824 formas,
976 1731 1101 1830 quales
1112 1755 1149 1804 v.
1158 1756 1217 1830 gr.

165 1889 185 1937 e
204 1861 403 1960 Oujaciano
418 1890 427 1954 ;
442 1860 638 1960 plerasque
656 1887 744 1936 vero
761 1862 935 1938 lectiones
949 1890 1039 1964 quas
1052 1866 1218 1940 maxime

166 1996 369 2071 laudandas
384 2021 461 2069 esse
475 2006 512 2069 et
530 1996 666 2069 bonam
680 1995 815 2071 codicis
831 1998 1012 2096 originem
1026 1999 1218 2074 testificari

168 2128 342 2204 Baehrens
358 2128 569 2217 arbitratur,
582 2128 678 2202 nihil
691 2155 771 2203 esse
780 2130 931 2206 demum
955 2143 1088 2230 praeter
1101 2141 1215 2206 teme·

166 2262 277 2336 rarias
291 2261 444 2337 litterati
461 2260 600 2335 librarii
617 2263 856 2359 conjecturas.
889 2264 1031 2364 Itaque,
1061 2265 1092 2338 si
1118 2277 1217 2340 recte

165 2396 332 2487 senseris,
346 2393 466 2471 Guelf.
482 2394 686 2469 deterrimis
697 2397 863 2496 vulgaris
876 2399 1025 2473 familia
1038 2425 1215 2473 annume-

164 2531 273 2621 rabis,
303 2529 443 2604 nedum
456 2528 567 2622 istius
585 2529 703 2628 gratia
718 2530 840 2605 crisim
859 2532 1111 2607 Tibullianam
1134 2560 1217 2633 pro

161 2664 423 2763 secisseputes.

214 2886 391 2964 Omnium
420 2912 520 2961 nuno
551 2912 644 2984 quos
670 2886 846 2982 diximus,
877 2889 1013 2964 omisso
1051 2889 1214 2966 Guelfer-

163 3024 316 3123 bytano‚
334 3020 501 3097 codicum
532 3020 622 3093 ordo
644 3030 754 3118 atque
778 3023 1010 3098 necessitudo
1041 3025 1145 3098 facile
1174 3025 1216 3100 in

163 3157 233 3233 hou
250 3166 442 3231 stemmate
462 3153 626 3229 cernitur
645 3183 654 3227 ι

164 3328 205 3393 F.
224 3327 298 3411 Ouj.
1026 3328 1108 3394 Exc.
1124 3329 1213 3394 Fris.

800 3469 857 3555 (Y)

317 3611 399 3676 Exn.
413 3556 524 3678 ¹Paris.
680 3566 994 3732 ἿΓ

734 3788 832 3852 Amb.
889 3819 894 3872 Ι

778 3877 783 3960 Ι
847 3877 924 3942 Vat.

285 3977 454 4112 Exivino.
474 3997 627 4110 llol.Scal.
692 4040 724 4106 A
770 4039 798 4103 B
957 4036 1012 4126 (Ο)

952 4128 1019 4150 W

938 4155 1020 4217 cde
