2766 4950
524 463 699 530 ..9-

125 612 234 686 Unde
262 624 375 710 patet,
404 602 638 709 inpraesenti
665 634 789 684 rerum
816 619 917 683 statu
937 636 945 680 ι
969 612 1005 683 l⁰
1030 607 1133 680 honae

70 745 214 819 Tibulli
239 743 410 818 editionis
438 743 723 817 fundamentum
750 742 789 815 in
828 739 1130 814 Lachmanniana

68 878 284 952 recensione
300 874 437 975 (ABG)
455 877 593 951 versari
612 877 703 952 :hoo
720 887 845 951 tamen
858 885 1010 966 servam,
1027 871 1126 970 quod

66 1013 109 1086 in
124 1012 204 1085 loco
217 1010 303 1085 libri
325 1010 355 1084 B
371 1009 649 1086 Baehrensianos
672 1010 785 1083 Amb.
797 1019 834 1083 et
847 1007 935 1082 Vat.
949 1031 1127 1104 usurpare

68 1155 241 1245 oporteat
251 1175 261 1238 ;
272 1146 308 1217 2⁰
323 1145 434 1220 todem
447 1156 597 1219 textum
609 1144 892 1236 emendandum,
904 1142 1128 1239 ubicumque

71 1290 208 1378 potest,
232 1279 278 1353 fr.
306 1277 505 1377 Oujaciani‚
535 1304 603 1354 nec
633 1279 759 1352 minus
786 1275 1016 1352 confidenter
1040 1301 1122 1349 exo.

69 1413 371 1513 Frisingensium
424 1413 677 1504 adminiculis3
723 1411 933 1486 adhibenda
969 1408 1127 1508 denique

72 1546 252 1639 Parisina,
268 1546 412 1645 parcius
426 1546 590 1646 quidem,
614 1558 657 1621 ut
676 1571 804 1622 eorum
818 1544 1017 1619 auctoritas
1033 1545 1124 1617 adae·

70 1704 185 1778 quare
203 1680 461 1754 auctoritatem
475 1679 653 1772 codicum,
664 1704 739 1752 non
754 1704 926 1778 superare
939 1677 1120 1751 videatur.

123 1811 184 1887 Ita
218 1814 384 1889 confecta
419 1840 475 1906 re,
513 1812 675 1887 multum
703 1813 808 1888 abest
840 1825 885 1887 ut
906 1814 1154 1912 germanum

72 1973 280 2046 sanumque
297 1948 344 2022 ab
359 1947 461 2021 omni
485 1959 589 2046 parte
610 1958 762 2021 textum
784 1946 1011 2021 habeamus:
1045 1944 1126 2018 sed·

71 2080 182 2175 enim,
208 2094 340 2179 praeter
354 2082 617 2181 frequentiores
627 2081 790 2175 lacunas,
806 2080 925 2155 multa
939 2080 1021 2154 loca
1037 2079 1130 2153 adeo

73 2214 275 2313 depravata.
302 2226 456 2290 manent
486 2227 529 2289 ut
549 2217 655 2313 justo
683 2241 794 2289 sensu
817 2224 973 2307 careant,
990 2215 1128 2313 passim

73 2342 186 2416 etiam
197 2343 374 2440 suspicari
387 2356 445 2419 est
458 2345 651 2420 turbatum
664 2371 840 2419 versuum
856 2343 1022 2418 ordinem
1036 2369 1126 2417 esse.

75 2475 245 2551 Profecto
263 2477 465 2576 desperatis
479 2477 568 2552 locis
583 2504 729 2553 neccsse
742 2490 797 2553 est
820 2479 1014 2553 admovere
1034 2503 1118 2551 con·

67 2611 225 2708 jacturae
247 2611 466 2702 remedium;
489 2624 528 2686 at
556 2613 739 2688 cavendus
762 2613 910 2688 illorum
929 2612 1040 2702 furor,
1059 2610 1124 2707 qui

74 2769 157 2817 raro
167 2743 274 2838 felici,
291 2745 425 2843 saepius
434 2745 610 2821 insolenti
619 2747 778 2841 audacia,
795 2745 937 2821 AEmilii
949 2744 1125 2818 Baehrens

74 2875 120 2949 ad
136 2876 265 2970 instar,
283 2888 415 2952 cuncta
433 2890 583 2954 mutant
601 2906 643 2955 ac
657 2879 897 2986 'distorquent
907 2909 917 2973 3
937 2904 1013 2952 non
1037 2875 1124 2950 tole·

74 3009 183 3084 randi
195 3011 387 3109 praecipue,
397 3013 620 3112 quicumque
634 3015 720 3089 inde
732 3040 754 3088 a
769 3014 953 3112 Scaligero
967 3012 1014 3085 ad
1027 3011 1125 3084 AEm.

76 3144 266 3231 Baehrens,
297 3145 484 3220 levissima
507 3149 640 3246 specie,
666 3173 795 3223 versus
819 3175 838 3222 e
862 3147 943 3221 loco
964 3154 1127 3236 movent,

75 3277 167 3376 quin
198 3277 274 3352 imo
293 3277 448 3377 elegiam
469 3280 579 3354 aliam
603 3280 665 3354 alii
694 3281 917 3379 discerptam
943 3277 1128 3352 intermis-

76 3421 162 3485 cent
175 3410 243 3508 (l)
262 3411 382 3503 Quam
396 3413 648 3489 confusionem
673 3415 704 3488 si
724 3416 806 3514 quis
824 3413 915 3489 velit
938 3413 1127 3503 aestimare,

76 3542 202 3618 videat
219 3546 309 3643 quid
322 3547 421 3644 apud
457 3547 691 3646 Scaligerum,
709 3548 800 3646 quid
828 3546 927 3645 apud
954 3543 1129 3619 Baehrens

77 3677 123 3751 de
140 3678 188 3753 el.
203 3677 232 3772 I,
254 3685 274 3752 l
298 3679 481 3755 acciderit.

129 3810 269 3887 Contra
299 3811 496 3889 Mauritius
524 3813 669 3913 Haupt,
706 3815 804 3889 inter
828 3825 967 3889 ceteros
1004 3813 1130 3886 doctos

115 4024 151 4092 (n
165 4022 230 4076 vid.
242 4023 363 4076 Mauritii
375 4024 472 4096 Haupt
481 4024 747 4079 dissertatiunculam
761 4025 845 4080 Uada·
860 4026 915 4078 JoS.
928 4022 1065 4091 Sculipcr,
1078 4025 1127 4076 etc.

79 4111 119 4180 (in
134 4111 314 4182 Opscalorum
327 4119 351 4171 t.
367 4113 437 4180 ΙΙΙ).
