2766 4950
620 412 820 482 ...95-

342 556 418 619 Nrm
425 559 527 636 perita
537 565 581 623 ert
593 565 704 624 nostrm
718 558 848 621 ereetede'a
860 576 939 621 aava
953 557 1072 638 puello,

321 711 324 716 ·
401 704 436 719 -·
455 672 615 738 Clauditur
628 680 658 737 et
671 676 748 737 dare
759 674 852 756 janua
863 674 942 738 tulta
955 693 1030 736 rere.

905 789 936 852 (¹.
951 791 975 851 ²,
988 804 1010 840 v·
1025 790 1102 853 seq.)

337 936 368 1000 N
369 956 408 1000 0n
419 958 474 1019 ege
487 941 618 1004 tellurem
625 942 748 1022 penitus
757 960 903 1022 perrepere
916 943 1036 1022 supplem

314 1133 316 1137 Ι
397 1092 436 1102 -
449 1057 491 1119 Itt
505 1058 641 1121 miserum
655 1065 758 1122 saneto
777 1060 982 1139 tunderepeate
995 1061 1091 1138 ceput.

872 1174 957 1238 (reta,
976 1189 1000 1225 v.
1010 1175 1039 1223 st
1052 1173 1101 1236 sq.)

174 1338 362 1414 interdum
390 1368 535 1443 quoque
560 1346 750 1421 contrarie
772 1346 962 1422 sententiae
991 1344 1221 1444 oppositione

173 1473 396 1565 illustratur,
411 1503 448 1551 v,
461 1503 519 1577 gr.
537 1509 545 1552 :

334 1638 408 1699 Tum
422 1638 516 1711 vitate
535 1640 700 1701 inerumeres
714 1639 861 1702 lustrabat
875 1639 1105 1719 caeaajuveneoe,

392 1789 430 1798 -
445 1755 529 1817 Nune
539 1775 617 1836 epea
630 1757 726 1835 eripui
738 1761 783 1818 est
796 1755 894 1818 hostia
908 1775 1002 1837 parva
1014 1756 1079 1816 soli.

879 1871 908 1935 (1,
924 1874 945 1932 t,
965 1886 989 1922 v.
1006 1874 1034 1920 21
1051 1872 1098 1935 aq.)

339 2021 471 2096 Interea,
488 2025 558 2084 dem
571 2025 643 2103 sete
658 2027 762 2087 aierunt
769 2026 936 2108 streperem
965 2046 1101 2088 emeres:

390 2173 428 2187 -
441 2139 516 2202 Jam
530 2143 622 2203 veniet
635 2142 766 2206 tenebris
780 2145 862 2206 Mers
878 2144 1018 2225 adoperta
1032 2150 1131 2226 eaput.

883 2261 1098 2324 (reee.,v.eaeq.)

328 2410 460 2491 Semper,
476 2418 510 2473 ut
522 2413 655 2486 induere,
671 2413 790 2474 tleedee
803 2413 887 2493 effera
898 2414 970 2474 milet
984 2414 1096 2488 vultus,

388 2558 426 2572 ·-
441 2528 515 2589 Post
529 2533 628 2590 tamen
642 2548 670 2588 es
691 2529 793 2590 misere
815 2531 908 2591 tristia
924 2536 952 2590 et
964 2549 1057 2610 asper,
1070 2532 1173 2592 Amor.

896 2643 926 2706 (1,
939 2645 964 2705 6,
979 2659 1001 2693 v.
1017 2647 1027 2692 1
1041 2645 1089 2706 sq.)

165 2828 220 2901 At
245 2854 291 2902 ne
330 2827 418 2926 quid
454 2831 608 2930 rigidius
649 2831 884 2930 aequaliusve'
921 2844 1120 2930 perpetuus
1152 2832 1215 2908 ille

164 2969 414 3062 παραλληλισμός
428 2965 539 3062 elegis
553 2965 694 3058 induat,
710 2965 837 3040 sollers
849 2965 988 3040 Tibulli
998 2977 1102 3042 cavet
1115 2968 1215 3066 inge·

165 3098 270 3172 nium
284 3124 293 3172 ε
309 3123 467 3197 namque
482 3099 589 3174 ambo
614 3125 741 3175 versus
758 3101 957 3198 saepissime
971 3125 1045 3174 non
1066 3101 1214 3201 simpli-

166 3232 254 3307 citer
269 3231 536 3331 συμμετριάζουσι,
551 3234 612 3309 sed
628 3244 664 3309 et
681 3234 822 3309 intimis
836 3233 1000 3310 articulis
1014 3234 1212 3328 cohaerent,

162 3392 262 3442 nune
278 3367 483 3442 hexametri
498 3394 608 3442 sensu
633 3369 671 3441 in
693 3369 831 3467 primos
849 3370 1068 3466 pentametri
1085 3371 1207 3468 pedes,

161 3501 247 3577 alias
264 3504 484 3601 pentametri
507 3502 546 3576 in
570 3503 777 3579 hexametri
799 3504 950 3578 ultimos
971 3506 1127 3601 trajecto
1139 3536 1148 3600 3
1172 3517 1214 3581 ut

162 3638 220 3715 hie
234 3639 423 3737 perspicue
440 3638 622 3714 cernitur:

316 3799 416 3861 Flebis
428 3818 435 3873 ;
449 3818 507 3862 nen
520 3806 573 3861 tue
586 3805 658 3862 sunt
670 3798 745 3861 duro
749 3798 914 3879 precordia
925 3800 1010 3879 serre

379 3916 502 3989 Vincta,
520 3946 553 3963 ·-
562 3934 652 3995 neque
663 3915 694 3977 in
706 3922 808 3978 tenero
820 3921 882 3978 stat
894 3917 951 3976 teet
960 3918 1041 3976 terete
1052 3917 1133 3977 silea.

878 4031 908 4092 (1,
926 4032 947 4088 t,
961 4045 982 4077 r.
995 4031 1024 4078 63
1039 4033 1086 4093 sq.)

565 4110 810 4123 n-a——u—-d
