2766 4950
647 582 722 658 DE

144 909 151 915 ·
284 858 617 979 TIBULLI
674 859 1104 983 AMORIBUS

476 1682 898 1784 PROOEMIUM

217 2095 279 2171 Me
308 2098 544 2175 Tibullianos
583 2101 704 2201 elegos
746 2101 973 2176 lectitantem
1002 2099 1093 2172 dum
1122 2096 1216 2170 mira

164 2256 315 2328 poeseos
340 2233 514 2321 dulced0,
548 2235 666 2309 mirus
703 2236 904 2310 affectuum
933 2233 1031 2307 calor
1054 2230 1216 2305 maxime

165 2366 387 2461 oblectabat,
419 2395 526 2443 mens
557 2396 703 2469 quoque
738 2369 836 2443 haud
879 2393 961 2442 raro
991 2366 1152 2440 haerebat
1176 2364 1216 2436 in

165 2501 397 2601 ambagibus,
421 2503 554 2578 multis
575 2504 698 2578 dubiis
725 2503 911 2578 arcanisve
930 2501 975 2577 de
991 2511 1109 2600 poetae
1129 2499 1216 2590 vita,

164 2632 210 2708 de
248 2635 455 2710 carminum
498 2636 721 2730 condicione,
767 2636 904 2728 ordine,
946 2658 1133 2724 connexu,
1174 2631 1219 2704 de

164 2791 333 2841 amorum
350 2769 597 2867 explicatione
611 2771 891 2845 occurrentibus
905 2798 913 2843 :
929 2781 1037 2868 atque
1052 2791 1218 2864 comper·
1336 2810 1339 2816 ι

126 2941 129 2944 ·
162 2910 250 2974 turn
278 2901 409 2995 habui,
440 2929 575 3002 paucos
602 2905 842 3002 antiquorum
858 2913 1051 3002 poetarum
1078 2910 1219 2975 ettam

163 3032 299 3132 dignos
328 3062 404 3110 esse
436 3047 473 3112 et
498 3049 648 3112 tantum
682 3064 790 3137 egere
825 3039 1073 3135 interpretum
1108 3033 1216 3107 euris,

164 3163 347 3261 Ceterum,
363 3173 541 3269 quaerenti
553 3173 868 3272 interpretationis
885 3170 1031 3246 auxilia
1045 3169 1097 3242 its
1116 3193 1218 3242 nune

163 3300 357 3378 doctorum
375 3307 629 3381 commentarii
652 3307 858 3400 abundant,
879 3316 922 3379 ut
938 3329 1044 3403 paene
1061 3300 1215 3399 impedi-

161 3447 288 3510 mento
304 3437 391 3510 sint.
409 3438 470 3512 Ab
484 3438 510 3512 J
512 3465 564 3513 os.
582 3439 765 3540 scaligero
782 3438 911 3539 (1577)
920 3494 932 3532 ,
949 3437 1014 3536 qui
1028 3436 1086 3510 vir
1100 3434 1218 3509 clarus

163 3567 304 3642 Tibulli
330 3581 413 3644 tum
437 3573 561 3647 textui
588 3573 832 3665 emendando,
860 3583 942 3646 tum
972 3567 1217 3668 explanandis

145 3702 389 3777 'carminibus
413 3703 461 3803 (1)
487 3706 628 3803 primus
655 3707 757 3781 dedit
783 3731 943 3805 operam,
970 3703 1017 3778 ad
1044 3701 1217 3778 Carolum

199 3961 240 4032 (1)
257 3959 459 4032 Costipntiones
475 3966 506 4019 in
527 3965 673 4022 Tibullum.
690 3965 756 4020 Post
769 3963 921 4019 editionem
943 3963 1016 4032 Cat,
1029 3961 1102 4030 Tib„
1119 3961 1199 4030 Prop.

165 4049 291 4120 Lutetia,
313 4052 393 4106 1577.
