<?xml version="1.0" encoding="UTF-8"?>
<!DOCTYPE html PUBLIC "-//W3C//DTD XHTML 1.0 Transitional//EN"
    "http://www.w3.org/TR/xhtml1/DTD/xhtml1-transitional.dtd">
<html xmlns="http://www.w3.org/1999/xhtml" xml:lang="en" lang="en">
 <head>
  <title>
</title>
<meta http-equiv="Content-Type" content="text/html;charset=utf-8" />
  <meta name='ocr-system' content='tesseract 3.04.00' />
  <meta name='ocr-capabilities' content='ocr_page ocr_carea ocr_par ocr_line ocrx_word'/>
</head>
<body>
  <div class='ocr_page' id='page_1' title='image "./detibulliamorib01doncgoog_0051.png"; bbox 0 0 2766 4950; ppageno 0'>
   <div class='ocr_carea' id='block_1_1' title="bbox 161 447 1203 1498">
    <p class='ocr_par' dir='ltr' id='par_1_1' title="bbox 578 447 773 517">
     <span class='ocr_line' id='line_1_1' title="bbox 578 447 773 517; baseline -0.005 -19"><span class='ocrx_word' id='word_1_1' title='bbox 578 488 613 498; x_wconf 86' lang='lat'>..</span> <span class='ocrx_word' id='word_1_2' title='bbox 653 447 699 517; x_wconf 68' lang='lat'>32</span> <span class='ocrx_word' id='word_1_3' title='bbox 732 485 773 497; x_wconf 90' lang='grc'>..</span> 
     </span>
    </p>

    <p class='ocr_par' dir='ltr' id='par_1_2' title="bbox 161 595 1203 1498">
     <span class='ocr_line' id='line_1_2' title="bbox 212 595 1203 696; baseline -0.002 -26"><span class='ocrx_word' id='word_1_4' title='bbox 212 595 313 695; x_wconf 87' lang='lat' dir='ltr'>Ergo</span> <span class='ocrx_word' id='word_1_5' title='bbox 342 598 452 694; x_wconf 91' lang='lat' dir='ltr'>paulo</span> <span class='ocrx_word' id='word_1_6' title='bbox 478 610 561 695; x_wconf 87' lang='lat' dir='ltr'>post</span> <span class='ocrx_word' id='word_1_7' title='bbox 580 597 820 696; x_wconf 81' lang='lat' dir='ltr'>Aquitanicae</span> <span class='ocrx_word' id='word_1_8' title='bbox 845 620 901 669; x_wconf 90' lang='lat' dir='ltr'>res</span> <span class='ocrx_word' id='word_1_9' title='bbox 933 621 1037 667; x_wconf 88' lang='lat' dir='ltr'>suam</span> <span class='ocrx_word' id='word_1_10' title='bbox 1065 595 1203 668; x_wconf 78' lang='lat' dir='ltr'>Deliam</span> 
     </span>
     <span class='ocr_line' id='line_1_3' title="bbox 163 727 1203 828; baseline -0.01 -23"><span class='ocrx_word' id='word_1_11' title='bbox 163 757 281 805; x_wconf 90' lang='lat' dir='ltr'>amare</span> <span class='ocrx_word' id='word_1_12' title='bbox 296 740 332 804; x_wconf 95' lang='lat' dir='ltr'>et</span> <span class='ocrx_word' id='word_1_13' title='bbox 345 730 522 805; x_wconf 88' lang='lat' dir='ltr'>celebrare</span> <span class='ocrx_word' id='word_1_14' title='bbox 538 730 708 805; x_wconf 85' lang='lat' dir='ltr'>Tibullus</span> <span class='ocrx_word' id='word_1_15' title='bbox 723 730 919 828; x_wconf 82' lang='lat' dir='ltr'>inceperat.</span> <span class='ocrx_word' id='word_1_16' title='bbox 935 727 1064 827; x_wconf 88' lang='lat' dir='ltr'>Neque</span> <span class='ocrx_word' id='word_1_17' title='bbox 1076 728 1203 801; x_wconf 76' lang='lat' dir='ltr'>abhim</span> 
     </span>
     <span class='ocr_line' id='line_1_4' title="bbox 164 861 1198 964; baseline -0.004 -26"><span class='ocrx_word' id='word_1_18' title='bbox 164 864 279 938; x_wconf 86' lang='lat' dir='ltr'>caelibi</span> <span class='ocrx_word' id='word_1_19' title='bbox 313 865 444 961; x_wconf 89' lang='lat' dir='ltr'>juveni</span> <span class='ocrx_word' id='word_1_20' title='bbox 477 864 603 938; x_wconf 85' lang='lat' dir='ltr'>Romae</span> <span class='ocrx_word' id='word_1_21' title='bbox 638 865 796 964; x_wconf 84' lang='lat' dir='ltr'>degenti,</span> <span class='ocrx_word' id='word_1_22' title='bbox 827 863 966 962; x_wconf 85' lang='lat' dir='ltr'>insigni</span> <span class='ocrx_word' id='word_1_23' title='bbox 996 863 1113 936; x_wconf 86' lang='lat' dir='ltr'>forma</span> <span class='ocrx_word' id='word_1_24' title='bbox 1142 861 1198 962; x_wconf 84' lang='lat'>(1)</span> 
     </span>
     <span class='ocr_line' id='line_1_5' title="bbox 163 996 1203 1098; baseline -0.006 -24"><span class='ocrx_word' id='word_1_25' title='bbox 163 1010 287 1074; x_wconf 92' lang='lat' dir='ltr'>tenero</span> <span class='ocrx_word' id='word_1_26' title='bbox 301 998 488 1098; x_wconf 92' lang='lat' dir='ltr'>calidoque</span> <span class='ocrx_word' id='word_1_27' title='bbox 496 1000 628 1086; x_wconf 86' lang='lat' dir='ltr'>animo,</span> <span class='ocrx_word' id='word_1_28' title='bbox 647 998 911 1073; x_wconf 79' lang='lat' dir='ltr'>occasiodefuit</span> <span class='ocrx_word' id='word_1_29' title='bbox 923 997 1068 1071; x_wconf 88' lang='lat' dir='ltr'>dulcem</span> <span class='ocrx_word' id='word_1_30' title='bbox 1079 996 1203 1094; x_wconf 79' lang='lat' dir='ltr'>volup</span> 
     </span>
     <span class='ocr_line' id='line_1_6' title="bbox 164 1129 1203 1231; baseline -0.004 -25"><span class='ocrx_word' id='word_1_31' title='bbox 164 1143 283 1207; x_wconf 90' lang='lat' dir='ltr'>tatum</span> <span class='ocrx_word' id='word_1_32' title='bbox 299 1133 499 1206; x_wconf 88' lang='lat' dir='ltr'>amaritiem</span> <span class='ocrx_word' id='word_1_33' title='bbox 521 1134 653 1231; x_wconf 74' lang='lat' dir='ltr'>saepius</span> <span class='ocrx_word' id='word_1_34' title='bbox 671 1131 896 1230; x_wconf 85' lang='lat' dir='ltr'>experiendi.</span> <span class='ocrx_word' id='word_1_35' title='bbox 921 1130 1016 1204; x_wconf 91' lang='lat' dir='ltr'>Inde</span> <span class='ocrx_word' id='word_1_36' title='bbox 1033 1129 1203 1228; x_wconf 76' lang='lat' dir='ltr'>reliquam</span> 
     </span>
     <span class='ocr_line' id='line_1_7' title="bbox 162 1263 1203 1358; baseline -0.003 -21"><span class='ocrx_word' id='word_1_37' title='bbox 162 1267 278 1340; x_wconf 89' lang='lat' dir='ltr'>vitam</span> <span class='ocrx_word' id='word_1_38' title='bbox 296 1265 481 1339; x_wconf 87' lang='lat' dir='ltr'>amoribus</span> <span class='ocrx_word' id='word_1_39' title='bbox 508 1278 589 1340; x_wconf 90' lang='lat' dir='ltr'>tum</span> <span class='ocrx_word' id='word_1_40' title='bbox 613 1266 822 1358; x_wconf 89' lang='lat' dir='ltr'>sentiendis,</span> <span class='ocrx_word' id='word_1_41' title='bbox 846 1276 928 1338; x_wconf 88' lang='lat' dir='ltr'>tum</span> <span class='ocrx_word' id='word_1_42' title='bbox 947 1263 1203 1338; x_wconf 91' lang='lat' dir='ltr'>adumbrandi</span> 
     </span>
     <span class='ocr_line' id='line_1_8' title="bbox 161 1397 1203 1498; baseline -0.001 -27"><span class='ocrx_word' id='word_1_43' title='bbox 161 1400 370 1498; x_wconf 83' lang='lat' dir='ltr'>impendere</span> <span class='ocrx_word' id='word_1_44' title='bbox 388 1399 558 1473; x_wconf 77' lang='lat' dir='ltr'>Tibullus</span> <span class='ocrx_word' id='word_1_45' title='bbox 568 1430 578 1493; x_wconf 92' lang='lat'>;</span> <span class='ocrx_word' id='word_1_46' title='bbox 593 1401 761 1492; x_wconf 88' lang='lat' dir='ltr'>urbanas,</span> <span class='ocrx_word' id='word_1_47' title='bbox 778 1400 931 1473; x_wconf 89' lang='lat' dir='ltr'>rusticas</span> <span class='ocrx_word' id='word_1_48' title='bbox 947 1398 1094 1472; x_wconf 87' lang='lat' dir='ltr'>delicias</span> <span class='ocrx_word' id='word_1_49' title='bbox 1118 1397 1203 1471; x_wconf 75' lang='lat' dir='ltr'>mis</span> 
     </span>
    </p>
   </div>
   <div class='ocr_carea' id='block_1_2' title="bbox 162 1529 1199 1632">
    <p class='ocr_par' dir='ltr' id='par_1_3' title="bbox 162 1529 1199 1632">
     <span class='ocr_line' id='line_1_9' title="bbox 162 1529 1199 1632; baseline -0.003 -26"><span class='ocrx_word' id='word_1_50' title='bbox 162 1559 262 1626; x_wconf 82' lang='lat' dir='ltr'>cere3</span> <span class='ocrx_word' id='word_1_51' title='bbox 291 1529 478 1607; x_wconf 87' lang='lat' dir='ltr'>interdum</span> <span class='ocrx_word' id='word_1_52' title='bbox 504 1535 543 1606; x_wconf 91' lang='lat' dir='ltr'>in</span> <span class='ocrx_word' id='word_1_53' title='bbox 570 1535 691 1632; x_wconf 87' lang='lat' dir='ltr'>patrio</span> <span class='ocrx_word' id='word_1_54' title='bbox 716 1533 831 1606; x_wconf 83' lang='lat' dir='ltr'>fundo</span> <span class='ocrx_word' id='word_1_55' title='bbox 857 1532 916 1606; x_wconf 88' lang='lat' dir='ltr'>vel</span> <span class='ocrx_word' id='word_1_56' title='bbox 950 1531 1030 1606; x_wconf 79' lang='lat' dir='ltr'>sin</span> <span class='ocrx_word' id='word_1_57' title='bbox 1059 1531 1199 1629; x_wconf 87' lang='lat' dir='ltr'>region</span> 
     </span>
    </p>
   </div>
   <div class='ocr_carea' id='block_1_3' title="bbox 60 1665 1203 3778">
    <p class='ocr_par' dir='ltr' id='par_1_4' title="bbox 60 1665 1203 3778">
     <span class='ocr_line' id='line_1_10' title="bbox 165 1665 1203 1764; baseline -0.003 -24"><span class='ocrx_word' id='word_1_58' title='bbox 165 1667 314 1740; x_wconf 90' lang='lat' dir='ltr'>Pedana</span> <span class='ocrx_word' id='word_1_59' title='bbox 347 1667 397 1764; x_wconf 84' lang='lat'>()</span> <span class='ocrx_word' id='word_1_60' title='bbox 419 1691 450 1760; x_wconf 81' lang='lat' dir='ltr'>r,</span> <span class='ocrx_word' id='word_1_61' title='bbox 485 1668 549 1740; x_wconf 91' lang='lat' dir='ltr'>ubi</span> <span class='ocrx_word' id='word_1_62' title='bbox 583 1667 751 1741; x_wconf 88' lang='lat' dir='ltr'>villulam</span> <span class='ocrx_word' id='word_1_63' title='bbox 797 1667 949 1740; x_wconf 86' lang='lat' dir='ltr'>fortasse</span> <span class='ocrx_word' id='word_1_64' title='bbox 986 1665 1203 1764; x_wconf 63' lang='lat' dir='ltr'>possidebat</span> 
     </span>
     <span class='ocr_line' id='line_1_11' title="bbox 163 1797 1203 1899; baseline -0.004 -26"><span class='ocrx_word' id='word_1_65' title='bbox 163 1800 283 1889; x_wconf 87' lang='lat' dir='ltr'>otiari,</span> <span class='ocrx_word' id='word_1_66' title='bbox 303 1799 457 1873; x_wconf 88' lang='lat' dir='ltr'>scribere</span> <span class='ocrx_word' id='word_1_67' title='bbox 473 1799 609 1899; x_wconf 90' lang='lat' dir='ltr'>elegos,</span> <span class='ocrx_word' id='word_1_68' title='bbox 622 1801 703 1890; x_wconf 89' lang='lat' dir='ltr'>rite,</span> <span class='ocrx_word' id='word_1_69' title='bbox 719 1811 895 1897; x_wconf 90' lang='lat' dir='ltr'>tanquam</span> <span class='ocrx_word' id='word_1_70' title='bbox 909 1798 1108 1898; x_wconf 83' lang='lat' dir='ltr'>agrestium</span> <span class='ocrx_word' id='word_1_71' title='bbox 1126 1797 1203 1872; x_wconf 85' lang='lat' dir='ltr'>rel‘</span> 
     </span>
     <span class='ocr_line' id='line_1_12' title="bbox 162 1932 1203 2032; baseline 0.001 -28"><span class='ocrx_word' id='word_1_72' title='bbox 162 1934 316 2032; x_wconf 89' lang='lat' dir='ltr'>gionum</span> <span class='ocrx_word' id='word_1_73' title='bbox 332 1934 632 2026; x_wconf 71' lang='lat' dir='ltr'>studiosissime,</span> <span class='ocrx_word' id='word_1_74' title='bbox 650 1934 807 2006; x_wconf 90' lang='lat' dir='ltr'>Laribus</span> <span class='ocrx_word' id='word_1_75' title='bbox 819 1935 930 2007; x_wconf 86' lang='lat' dir='ltr'>offere</span> <span class='ocrx_word' id='word_1_76' title='bbox 945 1932 1018 2006; x_wconf 89' lang='lat' dir='ltr'>liba</span> <span class='ocrx_word' id='word_1_77' title='bbox 1031 1934 1203 2030; x_wconf 66' lang='lat' dir='ltr'>agna‘mv</span> 
     </span>
     <span class='ocr_line' id='line_1_13' title="bbox 163 2065 1203 2166; baseline -0.002 -25"><span class='ocrx_word' id='word_1_78' title='bbox 163 2078 321 2142; x_wconf 91' lang='lat' dir='ltr'>mactare</span> <span class='ocrx_word' id='word_1_79' title='bbox 331 2098 341 2160; x_wconf 91' lang='lat'>;</span> <span class='ocrx_word' id='word_1_80' title='bbox 354 2095 448 2166; x_wconf 88' lang='lat' dir='ltr'>saepe</span> <span class='ocrx_word' id='word_1_81' title='bbox 464 2068 590 2142; x_wconf 70' lang='lat' dir='ltr'>Romae</span> <span class='ocrx_word' id='word_1_82' title='bbox 607 2067 813 2142; x_wconf 88' lang='lat' dir='ltr'>conversari</span> <span class='ocrx_word' id='word_1_83' title='bbox 835 2094 918 2141; x_wconf 89' lang='lat' dir='ltr'>cum</span> <span class='ocrx_word' id='word_1_84' title='bbox 936 2065 1105 2156; x_wconf 82' lang='lat' dir='ltr'>Messala,</span> <span class='ocrx_word' id='word_1_85' title='bbox 1133 2089 1203 2141; x_wconf 82' lang='lat' dir='ltr'>car:</span> 
     </span>
     <span class='ocr_line' id='line_1_14' title="bbox 162 2201 1203 2300; baseline 0 -26"><span class='ocrx_word' id='word_1_86' title='bbox 162 2202 333 2300; x_wconf 91' lang='lat' dir='ltr'>minaque</span> <span class='ocrx_word' id='word_1_87' title='bbox 358 2202 507 2276; x_wconf 86' lang='lat' dir='ltr'>recitare</span> <span class='ocrx_word' id='word_1_88' title='bbox 541 2203 579 2275; x_wconf 95' lang='lat' dir='ltr'>in</span> <span class='ocrx_word' id='word_1_89' title='bbox 608 2203 788 2300; x_wconf 82' lang='lat' dir='ltr'>frequenti</span> <span class='ocrx_word' id='word_1_90' title='bbox 821 2201 1049 2299; x_wconf 90' lang='lat' dir='ltr'>poetantium</span> <span class='ocrx_word' id='word_1_91' title='bbox 1076 2201 1203 2276; x_wconf 81' lang='lat' dir='ltr'>circul</span> 
     </span>
     <span class='ocr_line' id='line_1_15' title="bbox 162 2334 1203 2434; baseline 0.003 -27"><span class='ocrx_word' id='word_1_92' title='bbox 162 2362 253 2434; x_wconf 91' lang='lat' dir='ltr'>quos</span> <span class='ocrx_word' id='word_1_93' title='bbox 280 2334 435 2410; x_wconf 88' lang='lat' dir='ltr'>Messala</span> <span class='ocrx_word' id='word_1_94' title='bbox 454 2338 606 2409; x_wconf 91' lang='lat' dir='ltr'>domum</span> <span class='ocrx_word' id='word_1_95' title='bbox 637 2363 741 2410; x_wconf 89' lang='lat' dir='ltr'>suam</span> <span class='ocrx_word' id='word_1_96' title='bbox 769 2336 999 2410; x_wconf 86' lang='lat' dir='ltr'>admittebat.</span> <span class='ocrx_word' id='word_1_97' title='bbox 1028 2335 1086 2410; x_wconf 92' lang='lat' dir='ltr'>De</span> <span class='ocrx_word' id='word_1_98' title='bbox 1106 2336 1203 2410; x_wconf 73' lang='lat' dir='ltr'>seda</span> 
     </span>
     <span class='ocr_line' id='line_1_16' title="bbox 161 2470 1203 2568; baseline 0.002 -26"><span class='ocrx_word' id='word_1_99' title='bbox 161 2471 244 2544; x_wconf 90' lang='lat' dir='ltr'>licio</span> <span class='ocrx_word' id='word_1_100' title='bbox 279 2470 345 2544; x_wconf 93' lang='lat' dir='ltr'>illo</span> <span class='ocrx_word' id='word_1_101' title='bbox 372 2471 534 2544; x_wconf 88' lang='lat' dir='ltr'>litterato</span> <span class='ocrx_word' id='word_1_102' title='bbox 563 2497 680 2568; x_wconf 88' lang='lat' dir='ltr'>nuper</span> <span class='ocrx_word' id='word_1_103' title='bbox 709 2471 883 2544; x_wconf 75' lang='lat' dir='ltr'>Baehrens</span> <span class='ocrx_word' id='word_1_104' title='bbox 914 2481 992 2545; x_wconf 92' lang='lat' dir='ltr'>tam</span> <span class='ocrx_word' id='word_1_105' title='bbox 1025 2470 1203 2545; x_wconf 82' lang='lat' dir='ltr'>luculent:</span> 
     </span>
     <span class='ocr_line' id='line_1_17' title="bbox 162 2605 1187 2703; baseline 0.003 -27"><span class='ocrx_word' id='word_1_106' title='bbox 162 2605 347 2687; x_wconf 79' lang='lat' dir='ltr'>disseruit,</span> <span class='ocrx_word' id='word_1_107' title='bbox 361 2616 403 2678; x_wconf 88' lang='lat' dir='ltr'>ut</span> <span class='ocrx_word' id='word_1_108' title='bbox 419 2631 495 2679; x_wconf 90' lang='lat' dir='ltr'>rem</span> <span class='ocrx_word' id='word_1_109' title='bbox 509 2606 666 2703; x_wconf 86' lang='lat' dir='ltr'>amplius</span> <span class='ocrx_word' id='word_1_110' title='bbox 680 2605 739 2678; x_wconf 88' lang='lat' dir='ltr'>hic</span> <span class='ocrx_word' id='word_1_111' title='bbox 752 2605 925 2701; x_wconf 85' lang='lat' dir='ltr'>expedire</span> <span class='ocrx_word' id='word_1_112' title='bbox 939 2630 1015 2679; x_wconf 91' lang='lat' dir='ltr'>non</span> <span class='ocrx_word' id='word_1_113' title='bbox 1029 2630 1123 2702; x_wconf 86' lang='lat' dir='ltr'>opus</span> <span class='ocrx_word' id='word_1_114' title='bbox 1139 2606 1187 2679; x_wconf 91' lang='lat' dir='ltr'>sit</span> 
     </span>
     <span class='ocr_line' id='line_1_18' title="bbox 164 2738 1201 2837; baseline 0 -26"><span class='ocrx_word' id='word_1_115' title='bbox 164 2739 250 2811; x_wconf 88' lang='lat' dir='ltr'>satis</span> <span class='ocrx_word' id='word_1_116' title='bbox 263 2750 317 2812; x_wconf 88' lang='lat' dir='ltr'>est</span> <span class='ocrx_word' id='word_1_117' title='bbox 336 2750 463 2813; x_wconf 91' lang='lat' dir='ltr'>notare</span> <span class='ocrx_word' id='word_1_118' title='bbox 478 2738 668 2813; x_wconf 85' lang='lat' dir='ltr'>Tibullum</span> <span class='ocrx_word' id='word_1_119' title='bbox 688 2766 772 2813; x_wconf 91' lang='lat' dir='ltr'>cum</span> <span class='ocrx_word' id='word_1_120' title='bbox 791 2738 956 2837; x_wconf 85' lang='lat' dir='ltr'>Vergilio</span> <span class='ocrx_word' id='word_1_121' title='bbox 977 2738 1087 2836; x_wconf 88' lang='lat' dir='ltr'>longe</span> <span class='ocrx_word' id='word_1_122' title='bbox 1111 2739 1201 2835; x_wconf 92' lang='lat' dir='ltr'>prin</span> 
     </span>
     <span class='ocr_line' id='line_1_19' title="bbox 164 2871 1202 2969; baseline 0 -24"><span class='ocrx_word' id='word_1_123' title='bbox 164 2873 280 2969; x_wconf 86' lang='lat' dir='ltr'>cipem</span> <span class='ocrx_word' id='word_1_124' title='bbox 302 2874 340 2945; x_wconf 93' lang='lat' dir='ltr'>in</span> <span class='ocrx_word' id='word_1_125' title='bbox 367 2899 409 2946; x_wconf 92' lang='lat' dir='ltr'>eo</span> <span class='ocrx_word' id='word_1_126' title='bbox 437 2885 531 2947; x_wconf 88' lang='lat' dir='ltr'>coetu</span> <span class='ocrx_word' id='word_1_127' title='bbox 552 2874 758 2965; x_wconf 87' lang='lat' dir='ltr'>eminuisse,</span> <span class='ocrx_word' id='word_1_128' title='bbox 786 2873 845 2946; x_wconf 91' lang='lat' dir='ltr'>cui</span> <span class='ocrx_word' id='word_1_129' title='bbox 871 2872 1045 2946; x_wconf 87' lang='lat' dir='ltr'>AEmilius</span> <span class='ocrx_word' id='word_1_130' title='bbox 1074 2871 1202 2948; x_wconf 87' lang='lat' dir='ltr'>Macer</span> 
     </span>
     <span class='ocr_line' id='line_1_20' title="bbox 60 3004 1203 3106; baseline 0 -27"><span class='ocrx_word' id='word_1_131' title='bbox 60 3102 63 3106; x_wconf 10' lang='grc' dir='ltr'><strong>Δ</strong></span> <span class='ocrx_word' id='word_1_132' title='bbox 166 3004 320 3105; x_wconf 84' lang='lat' dir='ltr'>Valgius</span> <span class='ocrx_word' id='word_1_133' title='bbox 349 3006 479 3100; x_wconf 84' lang='lat' dir='ltr'>Rufus,</span> <span class='ocrx_word' id='word_1_134' title='bbox 511 3007 646 3084; x_wconf 83' lang='lat' dir='ltr'>Sextus</span> <span class='ocrx_word' id='word_1_135' title='bbox 676 3007 899 3105; x_wconf 70' lang='lat' dir='ltr'>Propertius</span> <span class='ocrx_word' id='word_1_136' title='bbox 928 3033 1017 3079; x_wconf 88' lang='lat' dir='ltr'>mox</span> <span class='ocrx_word' id='word_1_137' title='bbox 1048 3005 1203 3105; x_wconf 82' lang='lat' dir='ltr'>Sulpicia</span> 
     </span>
     <span class='ocr_line' id='line_1_21' title="bbox 163 3138 1203 3240; baseline 0.002 -28"><span class='ocrx_word' id='word_1_138' title='bbox 163 3140 283 3237; x_wconf 91' lang='lat' dir='ltr'>puella</span> <span class='ocrx_word' id='word_1_139' title='bbox 310 3151 346 3213; x_wconf 88' lang='lat' dir='ltr'>et</span> <span class='ocrx_word' id='word_1_140' title='bbox 376 3140 623 3215; x_wconf 86' lang='lat' dir='ltr'>adulescentes</span> <span class='ocrx_word' id='word_1_141' title='bbox 652 3142 906 3240; x_wconf 75' lang='lat' dir='ltr'>«Lygdamus</span> <span class='ocrx_word' id='word_1_142' title='bbox 934 3164 952 3212; x_wconf 77' lang='lat' dir='ltr'>a</span> <span class='ocrx_word' id='word_1_143' title='bbox 982 3138 1203 3240; x_wconf 76' lang='lat' dir='ltr'>Ovidiusque</span> 
     </span>
     <span class='ocr_line' id='line_1_22' title="bbox 162 3274 1203 3366; baseline 0.003 -20"><span class='ocrx_word' id='word_1_144' title='bbox 162 3286 501 3349; x_wconf 88' lang='lat' dir='ltr'>annumerarentur.</span> <span class='ocrx_word' id='word_1_145' title='bbox 524 3274 670 3366; x_wconf 78' lang='lat' dir='ltr'>Quanta</span> <span class='ocrx_word' id='word_1_146' title='bbox 685 3286 807 3348; x_wconf 89' lang='lat' dir='ltr'>autem</span> <span class='ocrx_word' id='word_1_147' title='bbox 821 3275 915 3348; x_wconf 83' lang='lat' dir='ltr'>fama</span> <span class='ocrx_word' id='word_1_148' title='bbox 936 3285 971 3348; x_wconf 94' lang='lat' dir='ltr'>et</span> <span class='ocrx_word' id='word_1_149' title='bbox 993 3275 1203 3349; x_wconf 81' lang='lat' dir='ltr'>auctoritate</span> 
     </span>
     <span class='ocr_line' id='line_1_23' title="bbox 161 3409 1203 3508; baseline 0 -26"><span class='ocrx_word' id='word_1_150' title='bbox 161 3431 314 3506; x_wconf 88' lang='lat' dir='ltr'>uterque</span> <span class='ocrx_word' id='word_1_151' title='bbox 332 3410 505 3501; x_wconf 87' lang='lat' dir='ltr'>floruerit,</span> <span class='ocrx_word' id='word_1_152' title='bbox 525 3436 571 3483; x_wconf 84' lang='lat' dir='ltr'>ex</span> <span class='ocrx_word' id='word_1_153' title='bbox 601 3437 642 3483; x_wconf 91' lang='lat' dir='ltr'>eo</span> <span class='ocrx_word' id='word_1_154' title='bbox 667 3421 829 3508; x_wconf 90' lang='lat' dir='ltr'>apparet,</span> <span class='ocrx_word' id='word_1_155' title='bbox 858 3409 956 3508; x_wconf 89' lang='lat' dir='ltr'>quod</span> <span class='ocrx_word' id='word_1_156' title='bbox 982 3435 1111 3483; x_wconf 90' lang='lat' dir='ltr'>eorum</span> <span class='ocrx_word' id='word_1_157' title='bbox 1136 3436 1203 3484; x_wconf 91' lang='lat' dir='ltr'>car-</span> 
     </span>
     <span class='ocr_line' id='line_1_24' title="bbox 162 3543 1203 3642; baseline 0.001 -26"><span class='ocrx_word' id='word_1_158' title='bbox 162 3544 263 3616; x_wconf 93' lang='lat' dir='ltr'>mina</span> <span class='ocrx_word' id='word_1_159' title='bbox 283 3543 476 3640; x_wconf 90' lang='lat' dir='ltr'>diligenter</span> <span class='ocrx_word' id='word_1_160' title='bbox 488 3544 728 3619; x_wconf 90' lang='lat' dir='ltr'>imitabantur</span> <span class='ocrx_word' id='word_1_161' title='bbox 736 3545 913 3642; x_wconf 85' lang='lat' dir='ltr'>juniores,</span> <span class='ocrx_word' id='word_1_162' title='bbox 930 3544 1028 3618; x_wconf 90' lang='lat' dir='ltr'>edita</span> <span class='ocrx_word' id='word_1_163' title='bbox 1043 3545 1203 3642; x_wconf 81' lang='lat' dir='ltr'>deinceps</span> 
     </span>
     <span class='ocr_line' id='line_1_25' title="bbox 163 3677 1203 3778; baseline 0.002 -29"><span class='ocrx_word' id='word_1_164' title='bbox 163 3677 226 3750; x_wconf 92' lang='lat' dir='ltr'>illa</span> <span class='ocrx_word' id='word_1_165' title='bbox 259 3678 489 3752; x_wconf 85' lang='lat' dir='ltr'>miscellanea</span> <span class='ocrx_word' id='word_1_166' title='bbox 520 3679 689 3778; x_wconf 90' lang='lat' dir='ltr'>Vergilii,</span> <span class='ocrx_word' id='word_1_167' title='bbox 718 3679 856 3753; x_wconf 88' lang='lat' dir='ltr'>Tibulli</span> <span class='ocrx_word' id='word_1_168' title='bbox 890 3679 1039 3753; x_wconf 93' lang='lat' dir='ltr'>nomine</span> <span class='ocrx_word' id='word_1_169' title='bbox 1065 3681 1203 3753; x_wconf 90' lang='lat' dir='ltr'>decora-</span> 
     </span>
    </p>
   </div>
   <div class='ocr_carea' id='block_1_4' title="bbox 200 3912 1136 4174">
    <p class='ocr_par' dir='ltr' id='par_1_5' title="bbox 200 3912 1136 4174">
     <span class='ocr_line' id='line_1_26' title="bbox 200 3912 1136 3998; baseline 0.013 -20"><span class='ocrx_word' id='word_1_170' title='bbox 200 3928 235 3998; x_wconf 73' lang='grc' dir='ltr'>(ι)</span> <span class='ocrx_word' id='word_1_171' title='bbox 253 3926 362 3996; x_wconf 72' lang='lat' dir='ltr'>noras,</span> <span class='ocrx_word' id='word_1_172' title='bbox 384 3931 473 3997; x_wconf 74' lang='lat' dir='ltr'>uper.</span> <span class='ocrx_word' id='word_1_173' title='bbox 489 3929 585 3996; x_wconf 90' lang='lat' dir='ltr'>11,1o.</span> <span class='ocrx_word' id='word_1_174' title='bbox 1126 3912 1136 3949; x_wconf 68' lang='lat'>³</span> 
     </span>
     <span class='ocr_line' id='line_1_27' title="bbox 200 4016 453 4084; baseline 0.016 -16"><span class='ocrx_word' id='word_1_175' title='bbox 200 4017 236 4084; x_wconf 75' lang='grc'>(2)</span> <span class='ocrx_word' id='word_1_176' title='bbox 253 4016 362 4076; x_wconf 79' lang='lat' dir='ltr'>Horat..</span> <span class='ocrx_word' id='word_1_177' title='bbox 381 4017 453 4074; x_wconf 85' lang='lat' dir='ltr'>lbid.</span> 
     </span>
     <span class='ocr_line' id='line_1_28' title="bbox 200 4104 675 4174; baseline 0.017 -18"><span class='ocrx_word' id='word_1_178' title='bbox 200 4104 235 4174; x_wconf 85' lang='grc'>(3)</span> <span class='ocrx_word' id='word_1_179' title='bbox 251 4104 318 4160; x_wconf 88' lang='lat' dir='ltr'>Vid.</span> <span class='ocrx_word' id='word_1_180' title='bbox 337 4105 626 4173; x_wconf 74' lang='lat' dir='ltr'>Tibulliscbelllaetter,</span> <span class='ocrx_word' id='word_1_181' title='bbox 645 4108 675 4165; x_wconf 89' lang='lat' dir='ltr'>V.</span> 
     </span>
    </p>
   </div>
   <div class='ocr_carea' id='block_1_5' title="bbox 0 0 1388 4950">
    <p class='ocr_par' dir='ltr' id='par_1_6' title="bbox 0 0 1388 4950">
     <span class='ocr_line' id='line_1_29' title="bbox 0 0 1388 4950; baseline 0 0"><span class='ocrx_word' id='word_1_182' title='bbox 0 0 1388 4950; x_wconf 95' lang='lat' dir='ltr'> </span> 
     </span>
    </p>
   </div>
  </div>
 </body>
</html>
