2766 4950
613 495 656 509 ...
687 458 707 524 6
733 495 782 507 ..

164 626 322 700 quorum
336 628 555 679 consensum
573 603 739 680 litteraO
764 605 999 705 significavit,
1014 604 1109 677 nihil
1128 603 1217 676 fidei

166 734 322 834 singulis
335 736 453 812 inesse
467 738 659 837 profitens.
1117 726 1119 730 ⁷

216 868 305 943 Tres
318 870 357 943 hi
368 871 507 976 codices
521 873 566 945 ab
580 872 778 972 archetypo
792 873 979 947 communi
989 871 1038 972 (Y
1050 873 1089 946 in
1104 883 1215 947 stem·

166 1009 293 1106 mate),
307 1011 484 1108 pluribus,
499 1012 616 1107 cred0‚
644 1013 866 1113 apographis
893 1012 1131 1111 interpositis,
1151 1036 1218 1109 pa-

167 1144 256 1218 riter
266 1146 340 1219 orti
353 1157 451 1240 sunt,
462 1172 579 1246 neque
592 1148 644 1221 ita
654 1159 749 1222 certe
762 1159 806 1222 ut
817 1148 896 1222 bini
907 1147 1007 1222 inter
1014 1172 1052 1221 se
1063 1146 1219 1221 arctiore

166 1278 317 1355 vinculo
330 1280 563 1356 cohaererent.
588 1280 697 1372 Quod
722 1282 822 1356 enim
839 1282 872 1355 si
897 1282 1013 1387 fieret,
1041 1305 1219 1355 nonnun-

165 1437 276 1510 quam
301 1414 405 1488 testis
428 1440 524 1487 unus
548 1414 724 1489 adversus
745 1415 853 1490 binos
881 1425 995 1490 testes
1026 1423 1220 1513 peccantes

163 1545 490 1622 exhiberetverum
500 1549 599 1648 quod
614 1550 823 1647 conjectura
831 1550 972 1648 attingi
986 1574 1063 1622 non
1077 1557 1216 1647 posset.

166 1659 237 1756 Sed
251 1681 473 1780 ubicumque
483 1681 519 1755 A
534 1693 661 1757 contra
672 1682 747 1775 BC,
765 1682 936 1757 Bcontra
949 1679 1029 1775 AO,
1044 1679 1073 1755 O
1089 1690 1219 1754 contra

166 1813 234 1888 AB
251 1814 338 1889 facit
349 1813 449 1912 (vide
462 1817 633 1915 exempla
651 1816 749 1914 apud
763 1815 992 1910 Rothstein)‚
1023 1815 1076 1888 rei
1102 1813 1217 1888 ratio·

164 1974 250 2023 nem
263 1949 375 2024 habes
386 1949 426 2023 in
442 1948 634 2025 doctorum
645 1949 824 2025 Italorum
840 1948 1071 2046 conjecturis.
1085 1945 1217 2045 Sequi-

165 2093 228 2157 tur
238 2095 312 2159 tres
333 2084 466 2159 classes
481 2109 606 2184 parem
627 2084 741 2160 ferme
753 2083 1009 2159 auctoritatem
1020 2081 1164 2174 habere,
1178 2090 1219 2154 et
1239 2152 1243 2157 ,

165 2218 230 2292 ubi
242 2217 324 2292 duae
343 2218 517 2293 lectiones
530 2229 736 2312 occurrant,
749 2243 905 2317 quarum
926 2227 1058 2291 neutra
1085 2241 1150 2315 per
1175 2238 1216 2287 se

165 2352 314 2427 evidens
339 2354 400 2444 sit,
429 2379 509 2427 eam
534 2353 830 2452 anteponendam
848 2377 926 2426 esse
948 2377 1031 2449 quae
1054 2350 1216 2422 duorum

164 2486 332 2562 codicum
355 2514 535 2563 consensu
561 2488 716 2562 nitatur.

430 2712 444 2778 §
465 2727 503 2770 111.
522 2718 771 2767 praesumsimus
790 2723 934 2764 cosumus.

163 2906 165 2909 ’
212 2887 262 2983 (a.
287 2884 383 2960 Cum
400 2883 573 2959 AEmilius
594 2883 769 2957 Baehrens
785 2881 925 2955 codices
945 2876 1214 2953 Lachmannia-

104 3017 107 3024 '
164 3015 222 3088 nis
269 3013 494 3112 antiquiores
542 3013 767 3110 jamdudum
810 3009 1048 3110 perquireret,
1095 3006 1216 3104 primo

169 3149 294 3247 (1876)
309 3147 402 3222 duos
417 3148 570 3238 invenit,
586 3145 869 3221 Ambrosianum
887 3143 981 3218 circa
1001 3144 1107 3234 1374,
1138 3138 1214 3212 Va-

163 3283 329 3357 ticanum
356 3292 516 3357 exeunte
540 3303 704 3355 saec.x1v
725 3289 913 3354 exaratos:
947 3276 1106 3376 optimas
1133 3273 1213 3373 qui-

163 3415 248 3491 dem
262 3417 418 3510 chartas,
449 3440 516 3490 nec
531 3426 731 3489 ceterarum
744 3414 862 3488 instar
880 3436 900 3487 c
920 3407 1214 3508 interpolatrices

162 3550 359 3625 doctorum
372 3548 554 3625 Italorum
565 3564 697 3623 manus
708 3557 878 3647 expertas
894 3569 929 3621 )).
942 3545 1061 3637 Quare
1074 3543 1212 3642 profec-

161 3698 202 3762 to
216 3686 260 3761 de
275 3684 420 3760 Tibulli
445 3683 646 3759 editoribus
663 3684 755 3758 bene
774 3681 911 3756 meruit
936 3679 1124 3768 Baehrens,
1149 3678 1214 3754 sed

162 3820 260 3895 idem
273 3819 433 3893 nimium
457 3818 648 3915 gloriatur,
664 3843 780 3916 quum
792 3813 1005 3890 inventione
1018 3839 1084 3887 sua
1095 3810 1212 3885 Lach-

164 3953 401 4028 mannianam
424 3952 547 4027 crisim
572 3951 740 4025 funditus
759 3949 873 4026 everti
894 3957 1032 4023 narrat.
1063 3944 1215 4020 Etenim

170 4089 214 4163 ad
223 4100 351 4163 textus
364 4088 521 4162 formam
538 4113 649 4185 quam
662 4086 865 4160 Vaticanus
883 4084 946 4159 ille
959 4093 996 4158 et
1010 4081 1215 4180 prasertim
