2766 4950
593 491 643 507 ..
669 452 715 524 67
738 489 789 506 ...

171 589 273 668 brevi
285 593 360 670 fore
372 607 447 672 ut«
463 598 584 677 fallaci
600 624 722 676 amore
743 625 761 673 a
780 599 875 676 libe'r
888 594 1225 699 persolvat-Veneri

170 735 304 822 grates.
418 758 421 762 ·
659 809 662 814 ,
1205 814 1212 824 ,

169 898 176 912 ·
219 857 435 959 Carminum
453 864 603 942 illorum
627 867 702 942 duo
721 878 906 966 postrema
938 890 1218 966 recognoscens,

168 991 333 1092 legitimo
347 997 475 1073 ordine
489 1000 575 1075 steti
588 1000 703 1100 quiin
714 992 1087 1099 scriptura'habetur3
1102 1022 1216 1097 quan·

167 1153 290 1248 quarnz
320 1115 455 1207 omnes
487 1134 560 1210 fere
594 1135 795 1236 graviores,
831 1131 994 1233 abusque
1032 1131 1218 1223 Friderico

116 1338 118 1341 .
169 1259 329 1363 Gruppe‚
346 1264 462 1342 critici
479 1267 678 1367 (pracipue
702 1268 856 1362 Teuffel,
870 1264 1058 1366 Baehrens)
1084 1266 1216 1366 elegia·

166 1420 251 1470 rum
280 1401 302 1472 8
323 1411 359 1473 et
380 1404 683 1500 9praeposterum
710 1401 877 1477 ordinem
900 1401 1050 1477 faciunt.
1073 1398 1217 1493 Quibus

166 1530 390 1625 auctoribus,
418 1533 559 1609 Tibulli
586 1561 671 1610 cum
696 1533 865 1610 Marathe
897 1533 1123 1609 consuetudo
1138 1536 1218 1633 jam

165 1666 279 1740 finem
306 1667 441 1766 cepisse
471 1668 712 1768 intellegitur,
737 1663 933 1768 antequam
953 1667 1124 1742 Tibullus
1150 1695 1218 1769 pro

164 1801 294 1877 eodem
323 1800 496 1878 Maratho'
516 1804 678 1902 postulet
715 1802 873 1878 Pholoes
898 1789 1216 1901 -benevolentiamss

163 1931 218 2005 ita
237 1943 294 2024 ut,
317 1943 432 2008 exuta
456 1933 625 2033 probrosi
646 1933 779 2008 amoris
803 1931 896 2021 labe,
913 1958 1013 2007 mera
1033 1959 1134 2007 nunc
1152 1933 1213 2034 vif

163 2064 298 2141 deatur
314 2092 469 2166 puerum
486 2066 586 2142 inter
602 2079 639 2143 et
661 2078 808 2166 poetam
832 2066 993 2142 amicitia
1017 2093 1215 2167 superesse.

163 2201 268 2275 Illud
294 2201 409 2275 fateor
438 2201 538 2277 haud
561 2201 716 2277 absurde
746 2201 955 2299 inventum,
983 2201 1219 2300 fabulamque

163 2335 218 2410 sic
236 2334 460 2434 explicatam
471 2335 595 2409 minus
609 2335 822 2411 offensionis
834 2337 940 2412 nobis
955 2337 1218 2442 recentioribus

161 2446 306 2564 babere,
331 2496 416 2545 cum
431 2468 624 2544 Tibullum
641 2470 831 2545 videamus
849 2486 934 2569 post
954 2471 1103 2546 brevem
1117 2497 1215 2570 errof

161 2631 242 2680 rem
261 2604 387 2679 statim
401 2604 447 2678 ad
462 2603 647 2707 naturales
671 2631 790 2682 mores
817 2605 964 2680 reverti.
984 2605 1056 2681 Sed
1078 2598 1215 2683 Fredess

160 2741 229 2814 rici
243 2738 394 2839 Gruppe
411 2737 671 2837 conjecturam,
687 2739 756 2814 etsi
768 2739 969 2841 plurimum
986 2740 1096 2815 habet
1113 2729 1211 2839 quod

162 2874 317 2974 placeat,
348 2873 590 2963 nihilominus
617 2874 746 2951 falsam
779 2875 961 2950 affirmare
984 2874 1096 2950 licet.
1125 2873 1213 2950 Non

163 3010 284 3085 solum
312 3009 411 3084 enim
437 3009 613 3083 ultimum
643 3007 686 3083 el.
708 3013 728 3081 9
754 3009 951 3103 distichon,
977 3008 1078 3108 quod
1107 3021 1214 3108 poeta

161 3145 299 3220 votivae
328 3144 469 3243 palmae,
517 3142 652 3218 Veneri
692 3141 833 3237 oblata,
878 3143 1099 3241 inscriptum
1144 3143 1213 3218 fin·

164 3280 245 3380 git:

263 3534 351 3596 Hanc
361 3533 417 3596 tibi
432 3533 528 3596 fallaci
544 3532 691 3595 resolutus
704 3551 805 3596 amore
820 3533 960 3596 Tibullus

321 3649 445 3713 Dedicat
458 3655 488 3711 et
502 3654 587 3727 grata
601 3648 652 3720 sis,
668 3648 731 3724 dea,
746 3654 846 3712 mente
858 3656 954 3729 rogat.
1209 3731 1215 3768 ί

163 3948 378 4048 aptissimus
393 3971 469 4021 esse
489 3943 638 4018 videtur
667 3943 783 4018 totius
811 3943 915 4018 seriei
940 3945 1128 4044 epilogus3
1157 3944 1220 4018 sed

163 4082 344 4182 imprimis
361 4107 425 4156 sex
445 4076 611 4176 ejusdem
636 4074 759 4173 elegiae
771 4101 899 4150 versus
915 4075 1053 4176 (39-44)
1068 4078 1220 4154 omnino
