2738 4942
677 491 726 501 -
752 453 798 522 58
824 492 873 502 -

250 613 368 677 cetera
376 586 538 676 carmina
554 600 742 674 ardebant.
763 574 1023 698 Nequidquam
1039 597 1164 696 elegiae
1189 598 1328 709 finem

248 737 335 811 facit
358 734 481 810 nobile
504 734 712 809 distichon:

330 1002 407 1065 Haec
418 1000 485 1062 aliis
497 999 656 1062 maledicta
669 999 778 1061 cadant
792 1018 800 1054 2
818 1017 884 1072 nos,
898 995 1000 1060 Delia!
1017 998 1128 1059 amoris

411 1117 588 1197 Exemplum
602 1135 678 1205 cana
688 1116 781 1178 aimus
793 1120 918 1196 uterque
930 1122 1032 1177 aoma'
1119 1085 1123 1092 ¹

303 1385 413 1484 Spem
445 1383 651 1472 candidam,
693 1383 756 1458 sed
785 1409 897 1484 quam
941 1381 1113 1456 carminis
1153 1397 1335 1454 summa

249 1519 406 1594 refellat!
437 1519 526 1592 dum
553 1517 734 1611 Tibullus,
761 1517 856 1592 male
883 1516 1040 1610 sibimet,
1068 1527 1176 1615 put0,
1214 1533 1338 1590 cre-

248 1652 369 1746 dulus,
398 1678 538 1727 amores
556 1653 666 1752 fingit
680 1653 719 1725 in
741 1637 920 1727 aternum
940 1650 1149 1748 productos,
1165 1661 1341 1724 mutua

247 1787 384 1862 interea
409 1787 539 1862 caritas
560 1787 640 1884 jam
665 1786 796 1861 indies
815 1785 1005 1860 deminuta
1032 1783 1292 1884 exstinguet»
1307 1799 1341 1848 a·

247 1931 324 1995 tur.

301 2285 391 2360 Haec
403 2298 459 2361 est
475 2285 538 2359 illa
556 2285 756 2384 elegiarum
771 2286 891 2374 series,
915 2287 1052 2372 mirum
1079 2311 1166 2362 sane
1192 2299 1344 2385 opus,

250 2417 327 2492 imo
340 2419 502 2515 unicum,
520 2420 595 2494 sive
615 2418 753 2500 Tibulli
764 2419 904 2519 reliqua
918 2417 1091 2506 carmina,
1120 2419 1198 2493 sive
1220 2431 1343 2492 0131·

250 2552 312 2626 nia
344 2554 565 2628 eroticorum
598 2554 819 2652 scriptorum
856 2552 1087 2651 spectaveris.
1117 2551 1339 2651 Namque,

250 2710 335 2758 cum
348 2684 387 2757 id
410 2685 483 2758 illis
500 2685 651 2786 solitum
666 2686 727 2776 sit,
742 2690 792 2760 -ut
805 2685 874 2759 sub
896 2708 974 2761 uno
1000 2685 1126 2761 amicae
1149 2685 1336 2760 nomime

249 2843 354 2891 casus
384 2844 584 2917 sensusque
607 2819 728 2924 uarios
759 2819 951 2911 celebrent,
981 2832 1020 2893 at
1049 2844 1180 2917 parum
1218 2841 1267 2891 ar·
1276 2819 1328 2883 130

231 2950 397 3038 ,vinculo
411 2978 570 3027 conexos
589 2953 685 3026 :··hic
700 2953 816 3027 solida
842 2953 912 3028 tibi
933 2952 1056 3026 fabula
1078 2962 1214 3050 praesto
1230 2951 1316 3034 151,

247 3085 292 3158 ab
303 3086 405 3160 omni
421 3097 525 3185 parte
538 3097 751 3186 temperata,
768 3088 807 3160 in
824 3113 896 3186 qua
921 3085 1156 3188 principium,
1177 3083 1309 3160 nodus

248 3217 413 3295 clausula
426 3219 675 3314 discernatur3
690 3229 825 3319 praesto
838 3231 907 3312 est,
922 3230 966 3293 ut
977 3230 1162 3294 nostrates
1176 3220 1295 3304 aiunt,

248 3353 424 3426 amatoria
447 3354 629 3453 quaepiam
654 3353 802 3447 novellu,
833 3354 974 3453 poetica
999 3354 1142 3428 ratione
1168 3356 1289 3427 adum·

247 3485 366 3559 brata.
386 3485 540 3582 Verum,
560 3487 657 3587 quod
690 3498 816 3564 auctor
844 3488 965 3563 soluto
995 3514 1164 3563 sermone
1190 3497 1288 3562 utens

247 3621 424 3696 continuo
442 3622 662 3696 narrationis
677 3634 798 3698 tractu
813 3634 1065 3723 prosequatur,
1079 3634 1189 3720 poeta
1212 3647 1286 3696 nos·

244 3768 300 3829 ter
313 3756 468 3854 carptim
495 3756 699 3855 perscribit,
727 3757 882 3831 summis
905 3757 1046 3856 aliquot
1071 3756 1285 3831 culminibus

244 3889 448 3983 illustratis,
473 3889 571 3965 inter
594 3917 675 3989 quae
691 3892 819 3990 spatia,
835 3901 878 3966 ut
902 3892 955 3967 ita
977 3890 1109 3983 dicam,
1136 3891 1286 3989 interja-

246 4025 376 4114 centia,
393 4025 570 4099 lectorum
590 4025 738 4124 ingenio
766 4027 1036 4126 relinquuntur.
1077 4024 1150 4100 Illa
1172 4036 1287 4102 autem
