2766 4950
165 631 217 709 rei
231 657 378 708 causam
399 632 522 729 habes,
550 661 626 710 non
644 645 760 734 poetae
782 632 1214 734 imperitiam-minorem

165 776 290 844 autem
326 769 525 844 affectuum
562 770 653 861 vim,
689 770 813 844 minus
843 770 992 851 uberem
1025 768 1214 843 materiam

166 900 270 997 cujus
298 901 438 976 lacunae
462 903 612 1000 poeticis
639 903 860 1002 expleantur
885 902 1125 984 ornamentis.
1154 899 1215 981 Ita

164 1023 313 1100 illorum
325 1037 542 1126 argumenta
562 1028 627 1127 qui
644 1026 803 1103 Marathi
821 1054 960 1104 amores
975 1028 1113 1126 priores
1137 1051 1216 1102 esse

165 1159 298 1235 volunt
323 1172 388 1236 aut
421 1162 525 1237 irritu
546 1162 734 1256 labuntur,
761 1173 825 1237 aut
852 1173 1009 1262 possunt
1031 1161 1143 1237 etiam
1175 1160 1214 1235 in

165 1294 385 1383 contrariam
396 1296 576 1370 rationem
599 1295 811 1395 retorqueri.

165 1520 166 1524 Ἴ
211 1427 272 1504 El.
292 1429 322 1522 Ι,
333 1435 371 1522 4,
386 1430 660 1505 consuetudinis
671 1428 890 1530 prooemium
908 1429 1080 1528 pleraque
1097 1429 1137 1502 in
1153 1453 1214 1528 ge·

164 1564 349 1638 neralibus
367 1565 558 1640 sententiis
581 1565 791 1640 continetur
806 1565 863 1664 (cf.
881 1563 928 1639 el.
944 1563 977 1655 I,
999 1568 1018 1637 1
1039 1574 1076 1639 et
1090 1561 1141 1657 II,
1161 1563 1214 1661 1).

168 1695 339 1774 Ceterum
358 1699 515 1774 conflata
528 1699 677 1775 videtur
689 1700 735 1773 ad
752 1699 965 1774 Horatianae
985 1688 1173 1789 satirae'II,
1192 1702 1213 1772 5

166 1832 429 1909 imitationem:
442 1834 499 1908 uti
512 1834 612 1909 enim
623 1834 683 1908 hic
700 1846 755 1909 est
773 1833 942 1933 dialogus
956 1833 1053 1907 inter
1069 1832 1216 1909 Ulixem

169 1968 418 2067 Tiresiamque
437 1969 482 2043 de
500 1968 752 2044 eblandiendis
769 1994 899 2044 senum
924 1966 1212 2059 hareditatibus,

167 2103 218 2179 ita
240 2103 303 2177 ille
319 2113 464 2199 poetam
479 2102 577 2177 inter
591 2116 627 2178 et
642 2103 822 2202 Priapum
837 2103 896 2199 (cf.
916 2102 1052 2201 alioqui
1069 2102 1216 2178 Horatii

166 2234 244 2314 Sat.
262 2234 293 2330 I,
308 2240 345 2333 8)
355 2247 450 2312 artes
470 2236 663 2312 docentem
682 2237 816 2336 quibus
838 2236 988 2311 formosi
1001 2237 1110 2334 ‚pueri
1130 2263 1214 2337 cap-

167 2381 305 2448 tentur.
324 2369 480 2448 Carmen
493 2399 580 2448 vero
593 2371 848 2446 Tibullianum
855 2372 901 2445 ab
915 2370 1120 2446 Horatiano
1131 2371 1215 2450 ideo

167 2506 361 2606 discrepat,
371 2507 559 2606 tumquod
572 2506 706 2600 erotica
718 2505 839 2580 solum
854 2505 1047 2598 suavitate,
1063 2506 1215 2582 minime

167 2641 313 2716 satirico
330 2641 404 2716 sale
415 2640 538 2740 pollet,
558 2651 641 2715 tum
655 2639 753 2739 quod
780 2639 934 2714 artificio
952 2650 1008 2713 est
1022 2639 1131 2738 longe
1145 2640 1212 2712 mi·

165 2801 236 2848 nus
261 2774 434 2872 perfecto.
456 2773 617 2866 Etenim,
632 2773 674 2848 in
697 2772 809 2847 satira
834 2800 918 2848 oum
941 2774 1055 2848 altera
1077 2773 1215 2872 dialogi

165 2933 320 3007 persona
335 2906 487 3003 (Ulixes)
498 2906 670 3006 mythicac
694 2932 857 3004 personae
878 2906 1043 3006 mythico
1061 2932 1212 3005 respon·
1283 2925 1284 2928 ’

165 3042 262 3135 deat,
278 3043 318 3123 in
344 3043 459 3141 elegia
483 3042 649 3116 fabuloso
663 3040 799 3138 Priapo
823 3066 911 3116 vera
924 3052 961 3116 et
978 3041 1024 3115 de
1042 3043 1214 3140 praesenti

165 3188 328 3276 tempore
346 3188 537 3275 assumpta
549 3174 758 3274 opponitur,
785 3200 917 3271 nempe
933 3173 1102 3248 Tibullus
1118 3175 1212 3273 ipse,

164 3321 247 3411 post
279 3336 388 3409 quem
415 3309 527 3384 etiam
573 3308 731 3406 aliquem
761 3309 943 3382 cernimus
973 3332 992 3381 <t
1016 3308 1157 3384 Titium
1191 3334 1211 3382 a

165 3447 218 3541 (v.
235 3448 254 3519 7
259 3448 280 3518 3
303 3447 413 3543 sqq),
427 3470 500 3543 quo
514 3443 663 3517 nomine
678 3442 836 3516 Romani
848 3441 1109 3543 jurisconsulti
1123 3446 1179 3519 sol
1201 3487 1211 3501 ·
1282 3508 1284 3512 ,

165 3580 255 3655 bant
265 3578 524 3677 imaginarium
536 3578 659 3652 'virum
668 3602 883 3675 nuncupare
893 3604 903 3669 3
915 3584 1098 3677 praeterea,
1111 3580 1210 3678 apud

163 3714 362 3790 Horatium
378 3712 654 3811 colloquentum
670 3711 826 3806 indoles,
847 3713 1016 3810 quamvis
1030 3713 1069 3787 in
1083 3714 1212 3812 jocum

198 3961 234 4034 (ll
248 3961 326 4016 Circa
340 3960 413 4015 idem
424 3967 532 4032 tompus
547 3965 637 4031 potest
647 3958 772 4014 Tibullus
781 3959 833 4015 duo
848 3963 969 4032 Priupco
982 3960 1132 4034 scripsisse,
1151 3980 1211 4033 qnoe

162 4051 190 4105 in
206 4049 298 4106 codice
313 4050 461 4122 Cujaciano
475 4050 624 4120 leguntur?
639 4048 692 4103 ulei
706 4048 824 4105 fortasse
846 4049 905 4105 haec
920 4049 1054 4127 jureniliu
1079 4051 1211 4121 opuscula

162 4145 251 4210 putes.
