2766 4950
698 365 903 473 Ι--11φ

282 514 388 588 nobis
402 518 552 615 propius
566 519 613 593 ad
629 542 762 595 verum
785 516 952 593 accedere
965 519 1101 592 liceret.
1121 515 1228 607 Quod
1252 541 1333 595 cum

281 631 334 704 ita
346 631 498 730 incipiat
512 631 566 732 (1)
588 661 597 705 ε

404 869 448 933 Te
461 891 577 956 quoque
591 874 726 955 Vergilio
740 875 880 941 comitem
895 894 956 938 non
969 893 1066 956 aequa,
1083 871 1214 943 Tibulle.

445 988 529 1052 Mors
539 989 682 1070 juvenem
693 1009 811 1071 campos
826 990 911 1054 misit
921 989 959 1054 ad
971 989 1100 1070 Elysios,
1112 1035 1134 1052 ..

286 1210 450 1307 sequitur
477 1211 669 1294 Tibullum
696 1215 767 1289 sub
790 1216 878 1290 fine·
892 1240 950 1289 an.
971 1196 1040 1291 735
1056 1211 1277 1304 decessisse,
1300 1221 1343 1286 et

286 1366 304 1416 ((
317 1343 493 1439 juvenem
508 1368 527 1417 1)
542 1346 704 1444 quidem,
721 1348 760 1420 id
781 1359 837 1422 est
860 1372 935 1422 non
950 1346 1160 1449 plusquam
1181 1343 1338 1444 quadra-

278 1475 461 1573 gesimum
473 1502 612 1552 annum
626 1490 809 1578 agentem.
827 1478 948 1571 Quare
962 1489 1109 1578 oportet
1121 1504 1219 1557 eum
1237 1475 1349 1581 haud

281 1631 366 1684 ante
390 1635 449 1683 an.
470 1614 538 1684 695
565 1622 697 1687 natum
722 1638 819 1708 esse3
841 1614 908 1687 vix
937 1624 1066 1688 autem
1097 1612 1153 1709 (ut
1173 1609 1341 1709 Gruppe,

286 1734 437 1836 Teuffel,
465 1742 612 1819 Hankel
638 1745 883 1844 putaverunt)
913 1773 971 1820 an.
1007 1750 1026 1820 7
1030 1749 1089 1837 00,
1125 1718 1250 1843 potius
1277 1769 1339 1817 an.

286 1878 378 1952 circa
402 1880 487 1968 697,
503 1881 586 1966 698,
607 1879 638 1952 si
658 1879 807 1978 quidem
828 1879 1030 1954 adverteris
1050 1899 1108 1953 an.
1125 1882 1144 1952 7
1148 1880 1194 1952 24
1217 1878 1346 1976 incep-

285 2023 342 2086 tas
368 2038 458 2088 esse*
472 2012 554 2088 illas
573 2013 671 2088 libl
697 2014 843 2115 elegias,
869 2026 947 2090 tam
969 2014 1084 2114 polita
1111 2024 1201 2105 arte,
1231 2022 1346 2088 tanta

285 2145 531 2220 humanorum
549 2148 748 2222 affectuum
765 2149 899 2223 notitia
912 2149 1088 2248 insignes.
1168 2134 1171 2140 ¹

334 2277 390 2354 De
415 2290 530 2377 poetae
557 2279 697 2379 reliquo
722 2281 872 2355 vivendi
903 2281 1095 2374 curriculo,
1113 2280 1234 2354 fontes
1264 2276 1339 2353 rari

285 2411 484 2487 admodum
501 2440 541 2489 ac
558 2424 697 2488 tenues.
713 2412 901 2512 Imprimis
919 2424 1056 2512 praesto
1066 2412 1247 2488 habemus
1258 2411 1336 2486 bre·

283 2544 422 2620 viorem
447 2572 495 2621 ex
514 2547 658 2622 duabus
680 2547 769 2622 Vitis
787 2571 868 2646 quae
887 2548 928 2620 in
947 2547 1133 2622 codicibus
1157 2545 1335 2646 leguntur

286 2681 457 2780 (namque
495 2681 623 2773 altera,
652 2682 766 2755 serius
798 2707 819 2754 a
846 2681 969 2756 nescio
999 2706 1073 2780 quo
1102 2679 1334 2785 Hieronymo

285 2813 539 2888 Alexandrino
572 2787 732 2889 conflata
755 2807 914 2914 satisque
936 2814 1060 2913 inepte
1083 2824 1198 2888 tume
1214 2813 1334 2913 priore

284 2944 383 3041 Vita,
412 2958 494 3022 tum
518 2975 538 3022 e
564 2947 784 3022 Tibullianis
810 2947 1031 3022 carminibus
1062 2946 1223 3040 collecta,
1248 2945 1333 3020 nul-

283 3081 355 3156 lius
379 3082 559 3190 momenti
577 3081 665 3180 est).
682 3081 803 3173 Quam
831 3082 1050 3180 scripturam
1073 3079 1280 3177 Baehrens(
1304 3077 1331 3178 ),

283 3226 479 3317 postquam
504 3215 603 3291 felici
636 3226 713 3290 arte
738 3216 913 3308 restituit,
940 3215 1101 3290 maximi
1129 3214 1335 3291 faciendam

284 3375 361 3426 esse
373 3350 606 3444 monstravit,
629 3349 788 3448 sciteque
813 3349 967 3445 conjecit
989 3349 1038 3423 ob
1066 3348 1289 3422 narrationis
1301 3359 1337 3423 et

284 3483 360 3558 stili
380 3483 599 3558 affinitatem
628 3508 648 3557 e
676 3481 840 3557 Suetonii
862 3507 961 3556 nuno
993 3481 1133 3555 amisso
1155 3481 1197 3555 de
1216 3480 1350 3558 Poetis

283 3618 375 3693 libro
399 3617 608 3693 deductam.
629 3616 824 3692 Accedunt
851 3657 900 3671 —
928 3616 1177 3714 praetermissa
1209 3614 1337 3692 Ovidii

318 3838 362 3911 (1)
377 3836 492 3893 Videtur
514 3837 568 3893 hoe
588 3837 823 3909 epigrammatium
843 3837 1035 3910 depromptum
1057 3852 1117 3891 csse
1141 3851 1177 3890 ex
1202 3793 1338 3908 ampliora

286 3929 320 3984 de
334 3928 464 3982 bonorum
476 3931 616 3997 posterum
629 3927 774 3983 funeribus
788 3926 886 3996 elegia.
966 3933 969 3938 '

320 4017 366 4091 (2)
381 4017 542 4072 Tibulliscte
559 4016 678 4086 Blaetter,
694 4021 717 4072 Ι.
