2766 4950
593 526 636 540 ..
668 488 714 558 30
742 526 789 538 ..

180 639 273 737 sqq.)
297 640 335 712 in
366 636 527 712 Messalae
542 636 688 710 laudem
714 639 833 736 primo
848 640 892 714 de
913 640 1124 739 Aquitanis,
1144 641 1224 716 dein

179 772 222 846 de
242 771 416 847 Cilicibus
436 781 472 845 et
491 769 617 844 ceteris
636 771 748 845 dicat.

226 905 365 981 Eadem
377 905 492 1004 elegia
508 903 677 979 Tibullus
700 932 776 981 sese
796 906 904 982 rebus
919 907 1153 1006 Aquitanicis
1171 909 1224 983 in·

176 1040 343 1116 terfuisse
357 1049 515 1115 testatur
532 1067 541 1114 t

253 1252 324 1316 Non
338 1253 402 1316 sine
413 1272 461 1314 me
472 1257 517 1314 est
530 1252 587 1314 tibi
601 1257 703 1332 partus
714 1253 825 1316 honos:
841 1253 978 1317 Tarbella
990 1259 1105 1337 Pyrene

374 1369 483 1442 Testis,
497 1374 528 1431 et
540 1367 652 1430 Oceani
667 1369 757 1431 litora
777 1370 958 1452 Santonici(
981 1372 1007 1452 ).

173 1591 225 1667 Et
253 1592 476 1668 Suetoniano
497 1592 633 1690 scripto
650 1619 844 1666 monemur
868 1594 976 1667 illum
1003 1605 1095 1669 tunc
1125 1595 1222 1671 Mes·

174 1724 259 1800 salae
291 1724 634 1801 «contubernalem
658 1726 764 1801 donis
792 1727 1012 1803 militaribus
1040 1729 1221 1804 donatum

173 1887 250 1935 esse
274 1884 308 1934 a.
341 1860 394 1935 At
419 1860 512 1934 illud
545 1861 826 1935 contubernium
854 1863 1018 1960 suspicor
1050 1862 1150 1936 haud
1182 1864 1220 1936 in

172 2021 320 2070 sensum
333 1995 443 2068 nimis
462 1995 636 2070 bellicum
650 1996 925 2095 accipiendum:
946 1996 1125 2071 nimirum
1143 2023 1220 2072 non

169 2140 247 2205 tam
265 2130 305 2203 in
318 2129 443 2230 proelia
457 2131 561 2203 miles
575 2155 685 2229 quam
697 2131 1001 2230 peregrinationis
1016 2158 1135 2207 comes
1154 2159 1218 2208 no·

170 2265 280 2340 bilem
324 2265 482 2340 amicum
510 2264 741 2363 sequebatur.
774 2264 908 2341 Omnia
934 2267 1033 2342 enim
1059 2268 1220 2342 carmina

168 2398 275 2474 nobis
300 2398 488 2473 hominem
525 2398 689 2473 redolent
719 2400 783 2497 qui
817 2400 955 2474 bellum
991 2400 1216 2500 aliquamdiu

170 2533 397 2631 spectaverit,
427 2558 528 2606 arma
568 2559 653 2607 vero
688 2533 841 2607 minime
874 2535 1038 2632 gesserit,
1080 2535 1217 2610 nedum

168 2668 258 2766 quid
299 2666 494 2741 verisimile
527 2667 686 2741 habeant
725 2691 965 2766 quaecumque
997 2669 1133 2744 Dissen
1171 2669 1213 2744 de

170 2801 329 2900 equestri
355 2799 598 2874 adulescentis
612 2799 745 2873 militia
760 2800 1056 2900 decennibusque
1079 2803 1211 2900 stipen·

172 2934 242 3008 diis
267 2943 536 3008 commentatus
557 2943 612 3007 est
633 2934 699 3028 (2).

216 3068 350 3144 Redux
377 3068 422 3141 ab
438 3067 660 3164 Aquitanico
688 3066 794 3161 bello,
820 3067 859 3139 in
890 3065 1018 3140 Asiam
1043 3068 1112 3141 sub
1132 3093 1211 3144 vere

202 3335 239 3408 (1)
259 3335 379 3389 Primum
398 3350 505 3389 vorsum
529 3333 661 3388 Baehrens
689 3333 835 3388 admodum
864 3349 948 3404 prave
970 3332 1009 3388 sic
1031 3332 1206 3391 immutavit:

166 3446 181 3476 (ι
196 3424 258 3479 Non
273 3424 330 3479 sine
343 3429 429 3478 marte
441 3425 481 3479 ibi
492 3428 586 3495 partus
604 3423 725 3484 honos...
742 3443 766 3480 r.
784 3423 944 3478 Duriuscula
958 3422 1053 3477 auditu
1074 3424 1168 3494 verba,
1184 3430 1209 3479 et

163 3513 271 3583 ridiculi
284 3530 380 3568 sensus
396 3529 403 3568 ε
417 3530 480 3566 nam
495 3511 646 3584 triumphos
662 3537 675 3561 «
688 3530 743 3567 nou
758 3511 816 3566 sine
836 3518 922 3566 marte
936 3532 950 3565 a
966 3512 1099 3583 reportari
1112 3518 1207 3583 solere,

163 3601 223 3674 quis
241 3602 369 3658 dubitat?
381 3602 456 3665 Quod
472 3586 563 3656 autem
578 3602 722 3657 cavillatur
737 3602 866 3656 Baehrens
885 3601 983 3671 :juxta
997 3601 1141 3672 vulgarem
1158 3603 1207 3657 lec-

162 3692 274 3762 tionem,
294 3696 403 3763 poetam
422 3691 519 3746 stolide
536 3691 651 3746 defusis
666 3691 812 3762 Aquitanis
831 3691 950 3761 gloriari,
969 3691 1060 3748 nescio
1081 3693 1146 3764 quid
1161 3690 1209 3747 sibi

162 3782 230 3838 velit
247 3799 253 3836 :
266 3797 320 3835 aon
333 3783 393 3836 siae
404 3797 445 3836 rae
460 3797 628 3850 nequaquam
640 3780 713 3835 idem
723 3780 858 3851 significat
870 3798 903 3835 ac
912 3797 965 3852 per
979 3796 1031 3840 me.

200 3872 237 3941 (2)
256 3868 359 3924 Nititur
373 3868 401 3922 in
422 3868 529 3938 Polybii
549 3868 715 3939 testimonio,
732 3869 822 3942 legem
841 3868 1088 3940 commemorantis,
1105 3885 1140 3923 ex
1158 3887 1209 3941 qua

162 3961 284 4016 Romano
295 3957 378 4028 equiti
385 3957 590 4029 (septemdecim
604 3975 688 4012 annos
702 3958 776 4030 nato)
788 3958 918 4013 decennia
930 3957 1065 4030 stipendia
1076 3959 1209 4014 merenda

160 4050 280 4119 fuerint3
296 4063 352 4104 non
362 4047 480 4119 anquirit
491 4053 582 4102 autem
592 4066 626 4102 an
641 4047 793 4104 novissimis
813 4047 904 4104 liberae
914 4047 1073 4121 reipublicae
1084 4047 1208 4120 tempori·

161 4140 211 4195 bus
222 4138 279 4210 jam
294 4137 429 4208 ejusmodi
441 4137 516 4208 leges
527 4137 719 4193 obsoleverint.
