2766 4950
683 427 878 498 „84-

253 585 375 669 cente3
392 575 497 652 alteri
521 576 574 673 (v.
606 573 737 667 35-58)
762 577 916 674 querelae
938 577 984 652 de
1007 578 1130 676 prada
1152 578 1295 665 insunt,

253 731 317 806 per
325 733 415 807 quas
429 707 596 784 Nemesis
619 708 757 783 luxum
778 710 1088 812 cupiditatemque
1104 713 1184 810 jam
1200 735 1300 810 pers·

253 843 371 941 picerc
388 845 564 943 coepimus
579 874 589 938 ;
605 844 714 918 tertio
729 843 767 942 (v
797 845 917 942 59-80)
937 846 1075 921 accedit
1090 845 1304 945 imprecatio

255 978 295 1051 in
311 989 511 1054 amatorem
527 979 592 1078 qui
601 977 788 1054 Nemesim
801 980 848 1054 ab
863 981 953 1056 urbe
967 981 1135 1075 abduxit,
1148 981 1188 1054 in
1206 980 1302 1079 agri·

220 1136 227 1150 ·
258 1112 439 1187 culturam
457 1115 559 1212 cujus
573 1140 682 1189 causa
697 1115 775 1211 ipse
787 1127 842 1190 est
862 1113 1009 1190 Nemesi
1022 1117 1185 1191 orbatus.

306 1247 475 1321 Tibullus
493 1249 606 1322 finem
620 1248 816 1345 superioris
837 1249 1007 1322 carminis
1021 1249 1174 1324 faciebat
1188 1247 1305 1323 decla·

256 1382 470 1476 randosese‚
488 1383 519 1455 si
532 1381 579 1455 ad
603 1381 799 1479 imperium
819 1383 978 1457 dominae
1000 1384 1157 1458 sulcaret
1180 1408 1302 1481 agros,

256 1516 357 1592 ultro
366 1516 524 1610 vincula,
532 1516 631 1589 ultro
642 1517 792 1590 verbera
806 1517 1060 1592 toleraturum.
1077 1517 1191 1592 Initio
1209 1518 1256 1593 el.
1269 1524 1304 1610 4,

255 1650 469 1725 continuata
491 1650 715 1748 metaphora,
734 1674 753 1724 c
774 1651 968 1726 servitium
986 1651 1091 1726 triste
1116 1675 1148 1745 r,
1171 1677 1306 1750 graves

257 1794 436 1859 «catenas
451 1808 470 1856 r
484 1784 672 1882 queritur;
688 1794 724 1858 et
736 1784 943 1858 miseranda
964 1811 1074 1860 voce:
1098 1783 1222 1872 Nunc,
1240 1786 1304 1878 ait,

357 2057 447 2120 Nunc
461 2065 491 2120 et
505 2077 608 2120 amara
621 2058 685 2120 dies
694 2064 724 2120 et
736 2060 833 2120 noctis
844 2060 971 2121 amarior
986 2060 1091 2122 umbra
1105 2067 1161 2131 est,

419 2174 530 2237 Omnia
543 2194 625 2237 nunc
637 2175 716 2237 tristi
731 2181 867 2254 tempora
881 2175 947 2238 felle
962 2175 1094 2238 madent.

258 2461 335 2537 Nec
356 2429 438 2560 jam
462 2462 507 2536 de
532 2462 693 2573 absentis
723 2461 910 2536 desideriis
943 2463 1091 2562 agitur:
1124 2462 1311 2538 redundat

257 2596 399 2672 exclusi
412 2597 569 2670 amantis
583 2596 700 2670 dolor.
720 2595 864 2694 Quippe
875 2622 939 2694 per
958 2599 1118 2672 carmina
1137 2596 1309 2672 Tibullus

258 2758 295 2807 se
320 2731 542 2830 placiturum
559 2729 706 2804 Nemesi
727 2731 909 2828 speravit3
935 2730 1103 2807 Nemesis
1124 2758 1211 2807 vero
1231 2758 1310 2806 car-

258 2867 359 2941 mina
382 2891 510 2964 porum
529 2875 642 2958 curat,
665 2865 825 2962 pretium
857 2892 973 2965 usque
994 2866 1147 2965 flagitat,
1172 2891 1308 2965 paupe·

259 3002 361 3102 rique
374 3010 491 3099 poetae
518 2999 654 3073 claudit
663 2999 830 3095 januam.
849 2998 942 3074 Inde
955 3001 1173 3076 malesuada
1196 3000 1309 3073 luxu·

259 3137 321 3210 riae
336 3134 539 3226 detestatio,
556 3133 642 3206 inde
656 3132 744 3205 dirae
756 3134 796 3206 in
814 3159 960 3207 avaram
970 3135 1172 3210 dominam.
1190 3133 1308 3227 Quor·

261 3297 343 3345 sum
368 3281 492 3344 tamen
507 3279 612 3341 taetra
640 3266 703 3340 illa
731 3267 829 3340 dicta
854 3268 1042 3343 evadant?
1062 3281 1105 3344 ut
1129 3270 1311 3344 submisse

259 3405 409 3480 tandem
433 3403 614 3478 fateatur:
631 3425 649 3475 c
665 3402 776 3476 modo
790 3427 848 3477 me
872 3401 1038 3478 Nemesis
1052 3428 1133 3479 mea
1163 3403 1309 3502 placido

258 3540 367 3614 vultu
394 3537 529 3622 videat,
560 3536 660 3610 mille
683 3561 824 3610 venena
850 3536 1000 3611 bibam!
1026 3561 1044 3610 a
1080 3538 1128 3634 (v.
1155 3543 1200 3612 59
1232 3541 1304 3638 sq.)

307 3672 450 3773 Ignava
481 3671 544 3746 illa
581 3670 737 3744 amantis
770 3671 810 3742 in
852 3681 1010 3745 amatam
1041 3673 1310 3772 obtemperatio

257 3807 401 3909 egregie
428 3806 467 3879 in
493 3805 538 3881 el.
557 3809 577 3877 6
593 3814 809 3898 ostentatur,
832 3831 927 3903 quae,
951 3816 994 3880 ut
1022 3806 1113 3879 mihi
1143 3806 1307 3897 videtur,

258 3943 457 4042 elegiarum
479 3939 524 4015 de
541 3938 577 4015 N
579 3939 690 4013 emesi
709 3938 1022 4015 miserabilissime
1043 3952 1150 4017 estet
1171 3942 1307 4040 perfec·

259 4079 414 4159 tissima.
428 4074 542 4173 Optat
554 4072 722 4146 Tibullus
734 4099 816 4146 cum
828 4100 894 4148 suo
907 4073 1030 4149 Macro
1043 4088 1160 4151 castra
1173 4087 1307 4174 petere,
