2766 4950
690 449 739 462 ..
766 410 811 479 36
837 450 885 461 ...

271 558 407 633 infelici
445 556 675 657 Panegyrico
700 584 810 656 quam
837 557 995 634 Deliacis
1020 555 1131 655 elegis
1154 555 1319 653 propius,

273 719 390 793 operae
405 717 549 793 quoque
563 692 723 790 pretium
737 703 806 767 est.

275 973 344 1039 est.
366 963 402 1036 A
420 962 574 1036 victoria
611 960 775 1037 Messalae
801 960 1009 1059 recentique
1026 959 1216 1057 triumpho
1241 957 1321 1031 bre·

274 1099 381 1189 viter,
422 1122 565 1172 necnon
599 1096 802 1196 granditer,
832 1122 987 1172 exorsus
1012 1105 1119 1194 poeta
1146 1093 1195 1190 (v.
1232 1091 1319 1190 1-8),

274 1243 463 1308 enumerat
479 1229 608 1307 Gallie
622 1231 720 1306 locos
735 1232 798 1331 qui
812 1232 915 1305 ducis
932 1230 1110 1305 virtutem
1125 1237 1320 1318 testantur,

276 1369 323 1468 (v.
363 1365 491 1466 9-12);
531 1368 684 1466 posthac
724 1366 904 1459 Ciliciam,
948 1364 1105 1464 Syriam,
1139 1362 1321 1462 praecipue

272 1502 483 1601 AEgyptum
511 1501 678 1601 depingit
697 1502 741 1577 ab
767 1501 894 1576 eodem
917 1500 1041 1599 legato
1064 1496 1317 1596 perlustratas,

271 1663 311 1711 ac
336 1635 456 1711 multa
481 1661 590 1735 super
608 1636 708 1727 Nilo,
736 1635 856 1709 multa
880 1660 989 1733 super
1011 1631 1154 1708 Osiride
1173 1631 1321 1730 agrico-

270 1770 391 1846 larum
410 1772 478 1847 deo
510 1773 645 1847 effatur
671 1771 720 1872 (v.
752 1771 858 1870 13-5)
873 1801 883 1866 ;
912 1770 1069 1869 denique
1098 1769 1149 1866 (v.
1171 1767 1318 1865 55-64),

272 1931 399 1980 rursus
414 1906 618 2004 praedicatis
637 1902 801 1981 Messalae
815 1905 986 1980 laudibus
1001 1904 1065 2004 qui
1079 1902 1161 1976 Viae
1176 1901 1320 1977 Latinae

272 2040 474 2116 reficiendae
489 2040 709 2139 impenderit
724 2065 881 2138 operam,
898 2040 932 2114 ei
950 2065 1168 2138 prosperum
1184 2037 1320 2112 natalis

271 2175 432 2251 reditum
452 2177 492 2250 in
509 2176 640 2276 longos
665 2202 781 2251 annos
807 2185 988 2275 precatur.
1009 2218 1060 2228 —
1083 2173 1194 2249 Mitto
1211 2199 1318 2273 quas-

271 2337 427 2410 cumque
443 2311 586 2386 Teuffel
602 2312 747 2386 notavit
761 2311 800 2385 in
815 2336 980 2386 sermone
1003 2309 1166 2384 maculas
1184 2308 1235 2406 (v.
1256 2335 1314 2408 gr.

269 2446 520 2545 importunam
559 2446 802 2545 quarumdam
837 2471 972 2522 vocum
1011 2445 1320 2544 geminationem,

270 2579 454 2656 schemata
493 2581 673 2679 copiosius
712 2579 918 2680 usurpata),
945 2590 1074 2680 utpote
1101 2578 1254 2654 leviores
1281 2589 1318 2653 et

268 2715 393 2815 quales
407 2741 454 2791 ne
472 2715 680 2790 clarissimis
698 2716 846 2816 quidem
867 2715 1007 2790 Tibulli
1021 2714 1146 2813 elegiis
1164 2714 1319 2789 omnino

269 2849 411 2945 absint3
433 2851 495 2926 sed
519 2878 602 2926 cum
621 2852 751 2926 doctus
771 2851 828 2924 vir
842 2875 993 2950 pravam
1016 2849 1133 2924 totius
1155 2849 1318 2923 materiae

269 2983 546 3082 dispositionem
578 2995 614 3058 et
645 2984 927 3083 explicationem
954 2984 1155 3082 vituperat,
1182 3008 1319 3056 vanam

269 3119 384 3217 carpit
397 3118 649 3218 geographicae
672 3144 712 3194 ac
728 3119 989 3219 mythologicae
1011 3119 1170 3192 scientiae
1194 3126 1316 3191 osten·

268 3253 459 3342 tationem,
478 3264 682 3352 cumputo,
700 3253 853 3328 AEmilio
870 3253 1045 3329 Baehrens
1060 3253 1110 3350 (1)
1125 3263 1318 3327 consenta-

266 3414 371 3479 neuS,
396 3388 547 3463 minime
565 3388 793 3463 intellexisse
809 3399 925 3488 poetae
943 3388 1186 3488 propositum.
1216 3387 1319 3480 Quid

265 3524 363 3599 enim
386 3523 469 3598 vult
488 3521 657 3598 Tibullus
674 3522 691 3597 l
718 3523 830 3619 Num,
852 3525 953 3624 epico
968 3551 1078 3618 more,
1096 3523 1191 3597 clara
1217 3521 1314 3598 Mes-

266 3657 350 3731 sala
369 3665 474 3756 gesta
487 3683 534 3731 ex
552 3657 679 3733 ordine
702 3659 903 3759 prosequi?
926 3658 1023 3734 Vult
1046 3682 1177 3756 nempe
1197 3660 1316 3734 amico

264 3790 367 3866 velut
397 3792 610 3867 natalicium
643 3793 906 3869 munusculum
939 3819 1066 3869 versus
1096 3795 1223 3869 offerre
1250 3794 1315 3892 qui

302 4086 342 4153 (1)
357 4087 414 4141 Tib.
430 4089 543 4157 Walter,
555 4091 590 4144 ll.
