2766 4950
597 488 644 502 -
673 450 717 520 69
735 487 791 513 ,-

162 660 169 690 1
218 591 373 685 Quodsi
399 595 1100 694 6111111116Μωαὼᾳτῑηῃῃῑγωςω
1119 591 1218 693 judi.-

160 736 263 811 We·
282 728 467 826 velumus,
496 754 537 807 ea
565 744 725 832 apparet,
754 731 910 826 artificio
938 729 1088 830 quidem
1104 723 1220 827 baud,-

159 873 353 962 .·quaquam
373 864 498 963 elegiis
517 866 562 942 de
594 865 877 968 Delia‘imparia,
902 865 1070 965 sensibus
1084 873 1219 961 ,tamen
1361 936 1366 941 .

163 996 292 1104 minus
304 998 472 1097 egregiis,
487 1001 627 1115 minure
641 1001 853 1095 caritatisvi
866 999 1001 1099 pollere
1010 998 1125 1095 ;jitem
1137 1018 1219 1095 prq-

163 1130 373 1242 .caciciibus
409 1133 595 1238 insigniri
608 1136 729 1251 verbis
754 1134 1056 1255 unaginibusque
1076 1126 1217 1247 ‘'magip

173 1263 378 1339 libidinosis
395 1263 483 1366 (vid.
502 1267 546 1343 61.
562 1272 597 1358 8,
614 1269 797 1364 25-38,e1.
815 1268 981 1366 att-66)
995 1290 1106 1365 quam
1117 1263 1162 1336 fit
1175 1261 1215 1333 in

170 1409 288 1474 cetero
314 1398 475 1491 Tibulle,
489 1404 638 1478 tametsi
654 1404 700 1477 ad
717 1403 964 1480 Catullianam
977 1400 1080 1475 illam
1093 1397 1217 1472 obsce·
1314 1510 1318 1516 .
1379 1424 1380 1427 ¹

172 1534 328 1610 nitatem
357 1561 540 1637 nusquam
556 1564 657 1613 come
670 1539 830 1638 profluat
842 1537 1047 1638 ingenium.
1066 1532 1216 1608 Utrius-

172 1696 242 1769 que
257 1669 309 1744 rei
329 1697 437 1744 causa
459 1672 623 1770 prefecto
640 1673 680 1746 in
697 1674 776 1772 ipsa
798 1670 1073 1767 consuetudinis
1087 1677 1221 1743 natura

173 1810 318 1874 constat
334 1830 344 1874 :
360 1800 412 1874 ibi
426 1801 525 1874 enim
537 1802 719 1901 cupidinis
736 1802 896 1878 stimulis
913 1802 1077 1902 agitatur
1099 1806 1218 1897 poeta,

170 1959 245 2008 non
260 1960 308 2008 ex
329 1936 452 2009 animo
476 1947 587 2011 amat.
608 1936 715 2029 Quod
740 1939 852 2013 etiam
867 1937 959 2011 mihi
986 1932 1219 2035 singulariter

170 2094 213 2144 eo
231 2071 481 2165 confirmatur,
508 2072 605 2170 quod
620 2073 717 2147 inter
730 2084 804 2147 tres
828 2072 872 2147 de
887 2069 1054 2145 Marathe
1071 2066 1216 2167 elegias,

170 2210 287 2309 prima
315 2211 409 2285 nihil
435 2211 506 2287 fere
532 2223 663 2311 praeter
684 2214 868 2314 generalia
894 2213 939 2288 de
955 2211 1076 2311 pueris
1090 2207 1214 2299 habet,

170 2345 328 2420 secunda
349 2357 428 2422 tota
455 2359 624 2422 versatur
642 2348 681 2422 in
706 2347 867 2423 Marathi
881 2361 917 2423 et
935 2346 1092 2421 Pholoes
1109 2368 1216 2416 amo-

169 2478 283 2571 ribus,
296 2505 371 2556 una
381 2482 426 2556 el.
443 2486 463 2555 9
478 2482 668 2582 proprium
681 2483 867 2558 Tibulliin
882 2507 1039 2582 puerum
1050 2479 1217 2553 ardorem

168 2615 355 2715 exprimit.

219 2749 480 2827 circiter'idem
491 2761 649 2850 tempus,
660 2776 800 2826 amores
816 2750 985 2851 Sulpiciae
997 2760 1034 2825 et
1050 2747 1219 2825 Cerinthi

169 2885 343 2984 (Cornuti
356 2885 387 2983 l)
422 2885 593 2960 Tibullus
616 2886 825 2961 illustrabat
848 2885 1010 2986 quinque
1041 2883 1216 2983 elegidiis‚

170 3019 306 3094 seilicet
326 3017 369 3094 61.
393 3021 426 3112 2,
452 3023 485 3111 3,
510 3026 542 3114 4,
561 3024 596 3111 5,
620 3025 639 3093 6
665 3021 752 3095 libri
776 3019 846 3118 IV,
865 3020 999 3119 quibus
1019 3019 1217 3117 adjungere

169 3154 278 3228 etiam
292 3178 358 3251 par
375 3163 431 3227 est
444 3153 489 3227 el.
517 3156 539 3228 2
564 3153 630 3228 lib.
645 3152 697 3246 II,
722 3155 762 3227 in
795 3153 952 3230 Comuti
977 3153 1066 3228 novi
1092 3152 1217 3226 mariti

169 3287 338 3362 natalem.
352 3285 408 3361 De
424 3286 481 3361 his
508 3298 631 3363 autem
650 3288 827 3387 ampliora
844 3313 956 3387 quam
969 3313 1051 3386 quae
1069 3288 1149 3384 jam
1174 3285 1214 3359 in

170 3419 446 3519 Prolegomenis
462 3420 573 3520 attigi
582 3447 682 3496 nunc
699 3421 831 3498 addere
842 3448 919 3496 non
939 3446 1033 3520 opus
1047 3429 1116 3506 est,
1132 3429 1216 3494 tum

169 3557 254 3653 quia
283 3554 452 3630 Tibullus
480 3556 540 3631 hie
571 3556 708 3632 alienos
737 3583 878 3649 sensus,
920 3582 996 3630 non
1032 3554 1214 3654 proprios,

170 3689 379 3775 adumbrat,
408 3700 490 3764 tum
507 3690 593 3789 quia
621 3717 740 3790 nuper
766 3692 897 3765 doetus
915 3691 973 3764 vir
998 3689 1218 3764 Larroumet
1354 3718 1358 3723 ·

168 3832 286 3897 totam
310 3849 387 3898 rem
408 3823 566 3898 dilucide
587 3825 795 3923 explicabat
811 3824 860 3924 (1)
880 3855 889 3898 :
920 3825 958 3896 in
978 3848 1122 3898 summa
1148 3820 1216 3896 sal·

207 4109 243 4177 (1)
258 4111 295 4162 De
311 4113 408 4178 querrtc
425 4109 527 4162 Tibulli
541 4109 620 4174 libre,
636 4112 683 4166 HI.
