2766 4950
678 498 723 509 ..
752 457 799 528 92
824 495 873 511 ..

250 605 536 681 tis'clamoribus
549 606 654 681 dolor
670 607 781 682 levari
794 637 803 700 ;
819 606 910 680 alter
924 617 1100 703 perpetuo
1112 606 1300 707 languere,

249 740 288 814 in
302 740 432 817 molles
447 742 612 840 querelas
626 742 819 839 lentosque
833 739 994 839 gemitus
1018 741 1170 815 effusus.

298 871 359 948 llli
373 886 496 950 autem
510 875 656 951 eximias
677 873 859 950 sentiendi
877 873 1012 949 rationi
1029 899 1087 949 ars
1109 884 1146 948 et
1166 873 1303 972 perfec·

248 1007 390 1084 tissima
416 1011 564 1085 accedit.
595 1010 652 1084 Ea
679 1020 734 1085 est
760 1010 800 1083 in
826 1008 1046 1084 Tibullianis
1076 1006 1302 1097 carminibus

249 1142 325 1217 stili
344 1143 497 1240 indoles,
513 1154 556 1219 ut
574 1143 721 1218 nullum
738 1144 847 1242 plane
868 1142 1058 1242 pulchrius
1074 1167 1302 1219 monumen-

247 1286 330 1351 tum
353 1278 512 1377 supersit
540 1304 656 1354 aureae
691 1277 892 1352 latinarum
933 1277 1142 1353 litterarum
1168 1277 1300 1352 aetatis.
1375 1284 1378 1289 ’

144 1445 147 1451 ·
249 1407 394 1509 Ubique
412 1412 511 1487 enim
527 1438 645 1488 sermo
657 1412 855 1488 verborum
878 1423 960 1488 tum
973 1411 1205 1511 proprietate,
1217 1423 1308 1486 tum

249 1544 457 1621 urbanitate
495 1547 665 1641 eximius,
697 1549 832 1622 mirum
867 1548 905 1620 in
939 1547 1092 1621 modum
1124 1546 1300 1646 simplex,

190 1706 193 1714 ·
247 1680 471 1779 perspicuus,
497 1707 641 1759 necnon
658 1682 798 1757 floridis
821 1681 1003 1758 coloribus
1027 1708 1141 1782 usque
1164 1681 1299 1757 distin-

248 1825 342 1891 ctus.
354 1815 463 1892 Poeta
472 1827 632 1892 ceterum
646 1818 684 1890 in
700 1817 922 1915 usurpandis
931 1817 1059 1916 figuris
1075 1801 1206 1916 parum
1223 1843 1298 1892 cre·

248 1949 311 2026 ber
329 1979 338 2027 ε
355 1949 427 2024 nisi
442 1952 660 2050 apostrophe
676 1951 863 2028 interdum
888 1952 1021 2046 utitur,
1041 1978 1116 2028 non
1141 1952 1194 2027 ita
1214 1977 1298 2028 raro

248 2085 432 2178 antithesi,
448 2086 628 2185 imprimis
643 2097 766 2163 autem
789 2098 826 2162 et
845 2087 1007 2161 multum
1028 2086 1226 2186 anaphora,
1250 2086 1297 2162 ad

247 2243 358 2318 quam
370 2220 586 2296 mirabiliter
598 2221 774 2296 inclinare
794 2222 942 2297 videtur
954 2222 1159 2320 ingenium.

296 2353 404 2445 Quod
436 2356 481 2430 ad
509 2355 792 2430 versificandum
817 2356 965 2450 attinet,
992 2381 1101 2430 nemo
1126 2353 1299 2430 subtilior

241 2487 360 2585 judex
379 2489 564 2564 dubitabit
591 2491 681 2590 quin
706 2490 907 2565 Tibulliani
930 2490 1034 2589 elegi,
1058 2488 1297 2589 quemadmo-

247 2621 337 2695 dum
354 2648 375 2696 a
397 2624 534 2698 scabris
550 2625 776 2725 rudibusque
795 2625 933 2701 Catulli
954 2624 1079 2724 elegis,
1095 2599 1178 2698 non'
1194 2647 1299 2697 secus

247 2754 491 2854 discrepantes
514 2781 535 2832 a
555 2757 678 2832 fluidis
702 2775 743 2833 ac
765 2759 923 2832 nimium
948 2758 1054 2833 tersis
1078 2755 1218 2846 Ovidii,
1249 2798 1300 2811 -

248 2890 355 2988 periti
383 2891 582 2964 admodum
606 2891 874 2988 versificatoris,
891 2903 929 2968 at
944 2892 1132 2967 fastidium
1147 2892 1193 2968 ob
1214 2891 1297 2966 uni·

247 3025 401 3099 formem
418 3025 638 3125 elegantiam
660 3026 834 3124 parientis
850 3026 1034 3124 -ipsum
1052 3024 1296 3124 pulchritudi-

246 3159 303 3230 nis
318 3157 505 3258 fastigium
518 3158 640 3256 adepti
655 3159 741 3233 sint.
760 3159 904 3259 Quippe
919 3160 1016 3257 apud
1034 3158 1140 3233 illum
1151 3183 1298 3234 carmen

247 3292 422 3366 continuo
455 3317 695 3369 numerosum
722 3304 759 3368 et
783 3293 864 3369 lene
876 3324 886 3389 3
919 3319 1008 3368 rarae
1031 3292 1198 3369 elisiones
1224 3293 1298 3392 (1);

246 3425 412 3501 miranda
447 3427 679 3526 dactylorum
710 3428 1028 3527 spondeorumque
1066 3427 1297 3527 temperatio

247 3587 470 3636 caesurarum
503 3563 667 3658 variatio,
699 3562 840 3662 rythmi
863 3573 900 3637 et
929 3588 1058 3639 sensus
1082 3561 1277 3637 harmonia
1289 3591 1299 3656 3

248 3695 406 3796 denique
431 3698 598 3774 modesta
620 3699 789 3798 quaedam
820 3698 979 3792 licentia,
1009 3725 1093 3799 qua,
1121 3697 1300 3798 neglectis

247 3830 436 3907 interdum
447 3834 706 3909 communibus
727 3833 887 3910 metricae
905 3834 1093 3933 elegantiae
1106 3833 1299 3932 praeceptis

281 4018 322 4090 (1)
332 4019 379 4075 Bis
393 4025 499 4077 tantum
515 4021 619 4079 occurit
632 4021 771 4095 producta
780 4027 808 4078 et
820 4028 951 4094 correptae
968 4031 1153 4099 συνεκφώνησις
1172 4021 1213 4092 tl,
1226 4020 1252 4090 2,
1262 4021 1297 4075 89

245 4107 328 4178 (Vidi
338 4113 395 4179 equ)
408 4118 436 4165 et
449 4112 490 4182 Il,
507 4115 531 4182 1,
546 4115 577 4168 ll
598 4114 656 4181 (Illi
667 4116 767 4186 etiam).
1178 4119 1181 4124 ’
