2766 4950
697 478 747 493 -
774 442 819 511 78
844 477 894 491 —
1017 500 1018 504 ,

320 584 501 660 Venimus
526 613 625 660 nunc
645 588 690 660 ad
706 587 859 661 ultimos
876 586 1016 659 Tibulli
1042 611 1204 660 amores:
1219 584 1324 657 illam

271 706 458 785 Nemesim
473 738 555 810 quae
570 711 774 787 celebratur
786 713 826 785 in
836 713 1003 818 ⁵quinque
1021 710 1072 809 (1)
1087 710 1173 784 libri
1191 708 1232 782 ΙΙ
1251 709 1322 783 ele·

260 843 339 938 giis
366 845 424 942 (el.
453 849 483 939 1,
513 848 549 936 3,
569 852 602 940 4,
626 852 663 935 5,
690 852 709 919 6
739 847 853 922 :eta
881 857 1005 920 autem
1026 871 1136 943 supra
1160 844 1321 917 vidimus

269 977 530 1074 epithalamion
546 1007 623 1055 esse
637 980 793 1056 Cornuti
820 993 856 1058 et
873 980 1053 1078 Sulpiciae,
1076 979 1170 1054 male
1192 979 1320 1054 ceteris

266 1111 515 1212 immixtum).
531 1115 603 1190 Eas
620 1127 743 1191 autem
755 1115 902 1215 elegias,
914 1116 973 1190 vel
990 1116 1021 1189 si
1035 1116 1177 1190 deesset
1195 1113 1321 1190 Ovidii

268 1247 521 1321 testimonium
547 1249 614 1347 (2),
642 1249 889 1324 novissimum
904 1249 1040 1324 Tibulli
1059 1274 1151 1346 opus
1169 1273 1246 1323 esse
1261 1273 1319 1322 ra·

117 1440 130 1459 .
268 1389 349 1454 tum
364 1380 580 1457 haberemus
596 1414 603 1458 :
617 1410 665 1458 ex
679 1386 759 1483 ipsa
776 1385 875 1458 enim
889 1384 1093 1458 carminum
1107 1381 1322 1457 condicione

269 1515 429 1588 cernitur
450 1516 587 1590 librum
613 1516 655 1590 ΙΙ
682 1518 855 1594 defuncto
876 1528 1023 1592 auctore
1042 1517 1197 1606 editum,
1216 1525 1321 1590 ante-

269 1675 380 1746 quam
394 1676 577 1725 summam
586 1652 618 1725 ei
632 1677 784 1725 manum
794 1654 982 1750 imponere
997 1652 1178 1750 potuisset
1190 1680 1199 1742 3
1218 1649 1320 1748 quod

267 1785 469 1881 praesertim
497 1785 610 1876 elli,
630 1784 772 1876 31111,
794 1792 814 1861 5
838 1787 1049 1884 inspicienti
1073 1786 1160 1860 satis
1182 1784 1318 1884 liquet.

267 1915 357 2008 Quae
391 1919 436 1993 de
457 1920 601 1994 duobus
626 1920 683 1994 his
717 1922 860 2019 scriptis
882 1920 1041 2019 Gruppe,
1070 1919 1320 2016 Baehrensque

266 2065 302 2128 et
321 2054 382 2128 alii
396 2055 660 2145 disseruerunt,
678 2082 754 2130 non
769 2083 862 2155 opus
879 2068 934 2132 est
953 2065 996 2132 ut
1007 2056 1067 2129 hic
1093 2052 1316 2153 singillatim

267 2190 417 2264 referam
426 2217 438 2284 ;
452 2191 516 2265 sed
542 2192 593 2265 rei
609 2217 752 2264 summa
766 2192 806 2264 in
824 2192 893 2266 hoc
907 2190 1172 2290 propemodum
1199 2188 1318 2262 conti-

265 2335 386 2398 netur.
408 2329 441 2397 1⁰
454 2324 512 2399 El.
531 2329 551 2399 3
568 2326 686 2424 primo
701 2326 835 2399 obtutu
849 2326 1071 2422 comperitur
1085 2325 1203 2398 tribus
1218 2323 1317 2420 frag-

265 2459 399 2533 mentis
424 2470 589 2533 constare
619 2460 669 2555 (ν.
698 2462 797 2550 1-34,
814 2487 848 2532 v.
877 2463 1004 2549 35-58,
1022 2486 1059 2531 v.
1079 2457 1217 2556 59-80),
1233 2482 1318 2555 quae

266 2595 444 2691 apposita,
467 2621 541 2668 non
554 2597 751 2691 conjuncta
766 2595 853 2684 sint,
880 2596 994 2667 itaut
1017 2594 1175 2691 primam
1189 2590 1318 2688 elegiae

265 2728 455 2803 materiam
488 2730 722 2827 potiusquam
766 2730 883 2826 ipsam
916 2727 1070 2825 elegiam
1100 2725 1314 2800 habeamus.

266 2864 301 2934 2⁰
317 2861 362 2934 In
381 2862 426 2941 el.
447 2866 467 2935 5
483 2862 674 2936 manifesta
688 2862 819 2936 lacuna
842 2863 939 2935 inter
962 2888 998 2934 v.
1018 2864 1062 2933 66
1085 2871 1121 2933 et
1146 2885 1182 2932 v.
1200 2862 1248 2933 67
1262 2859 1318 2931 in·

263 2995 429 3106 tercedit,
439 2997 646 3094 iterumque
655 2997 721 3070 vix
732 2995 960 3094 intellegitur
970 3020 1042 3093 quo
1053 2993 1203 3067 vinculo
1215 3019 1252 3066 v.
1266 2995 1315 3067 80

264 3127 1313 3229 cumsequentibuscohaereat.Praetereaduaeparentheses

265 3265 317 3360 (v.
337 3266 448 3338 21-38
465 3295 473 3337 ι
489 3264 647 3362 Necforc
661 3266 880 3339 1111111111-
893 3262 1066 3339 candidus
1081 3288 1193 3361 ugnus
1213 3260 1289 3337 ovis
1304 3290 1314 3353 ;

264 3424 300 3470 v.
319 3403 431 3472 11-18
448 3429 456 3472 :
472 3399 544 3474 Hca
541 3400 625 3497 fore
633 3400 797 3475 dicerunt
809 3441 856 3455 -
870 3397 1123 3499 praemonuisse
1135 3397 1248 3491 boues)
1263 3396 1317 3471 ita

264 3531 483 3607 sententiam
495 3533 757 3632 impediunt,ut
772 3534 863 3610 tales
873 3559 1065 3632 nunquam
1080 3542 1176 3607 certe
1187 3529 1316 3606 Tibul·

263 3667 335 3761 lus,
348 3668 423 3744 imo
434 3671 558 3745 nullus
570 3671 754 3745 bonorum
765 3680 956 3768 poetarum
969 3667 1180 3766 excogitare
1188 3675 1317 3765 potue·

297 3937 334 4004 (1)
351 3936 410 3991 Etsi
424 3937 460 3993 el.
478 3938 517 4006 11,
538 3940 562 4006 1,
576 3937 702 3993 Nemesis
718 3938 826 3993 nomine
842 3953 945 4002 carons,
963 3952 1017 3992 non
1032 3935 1070 3989 ita
1083 3937 1237 3990 necessario
1249 3933 1314 3989 huic

261 4026 339 4080 seriei
359 4034 560 4085 annumeratur.

299 4115 334 4185 (2)
351 4116 414 4175 Vid.
430 4118 563 4173 Amorum
581 4118 615 4172 el.
631 4118 687 4187 III,
704 4122 731 4186 9,
746 4135 825 4188 supra
840 4116 886 4173 cit.
