2766 4950
727 501 775 518 ..
802 465 848 535 9ss
875 504 923 516 ..-

290 615 490 690 sentiemus
525 613 680 687 Albium
705 636 724 686 t
754 636 829 688 non
854 613 966 689 modo
993 612 1202 687 maximum
1230 611 1343 686 luisse

287 760 442 847 poetam,
457 772 689 848 quemnemo
705 748 744 822 in
758 748 919 825 romania
933 746 1067 822 litteris
1081 745 1224 845 ingenii
1232 747 1341 820 novi-

286 894 370 979 tate,
396 882 485 959 artis
509 874 765 975 concinnitate,
785 883 937 967 affectus
966 880 1165 955 altitudine
1191 905 1339 978 supera

286 1017 390 1111 verit,
416 1012 618 1091 sedetiam
643 1015 893 1114 singularibus
920 1015 1117 1113 praeditum
1142 1012 1336 1105 illecebris,

129 1147 133 1157 '
287 1150 384 1249 apud
399 1174 508 1249 quem
522 1149 582 1224 vel
595 1149 774 1225 recentior
787 1149 901 1225 lector
914 1172 953 1225 se
966 1172 1056 1224 mox
1074 1159 1112 1224 et
1125 1147 1204 1223 sine
1212 1147 1338 1222 labore

286 1283 485 1361 admodum
496 1284 671 1361 intimum
691 1280 800 1359 neiat
815 1307 848 1358 a.

334 1815 523 1893 Hactenus
551 1816 598 1890 de
635 1817 735 1915 poen
765 1816 986 1891 Tibulliana.
1016 1815 1070 1890 Ut
1109 1841 1196 1891 vero
1237 1819 1333 1914 jam,

238 2006 242 2013 -
282 1952 426 2029 omissis
456 1951 565 2026 rebus
589 1951 634 2025 ad
657 1962 774 2050 poetae
792 1952 909 2026 vitam
933 1950 1214 2050 pertinentibus,
1231 1951 1335 2025 oolli-

280 2086 698 2186 galerannusque
724 2086 823 2162 uisae
844 2058 1008 2186 pagam
1022 2083 1217 2184 disquisita
1241 2085 1333 2177 sus,

282 2221 497 2298 concludere
516 2220 663 2296 videtur
685 2251 693 2296 :

333 2360 367 2429 1⁰
383 2354 569 2431 Continuo
584 2366 669 2452 post
683 2355 729 2430 el.
748 2353 778 2449 Ι,
793 2359 852 2446 10,
869 2355 1050 2454 imprimis
1066 2356 1331 2456 conscriptam,
1357 2426 1360 2431 .

280 2488 438 2580 Deliam,
453 2500 611 2588 nuptam
629 2482 836 2589 puellam,a
853 2489 1004 2565 Tibullo
1017 2490 1239 2566 celebratam
1253 2516 1333 2569 case

280 2624 441 2723 quinque
454 2623 580 2722 elegiis
592 2654 601 2717 ;
615 2624 662 2698 iis
673 2624 822 2724 quidem
836 2623 1001 2724 legendis
1013 2625 1218 2703 secundum
1231 2625 1328 2700 ordi·

280 2782 386 2836 narn:
402 2756 438 2861 Ι,
452 2763 483 2852 l,
500 2760 536 2848 2,
556 2762 594 2851 3,
608 2762 641 2852 5,
666 2761 701 2851 6,
720 2759 818 2834 unde
839 2731 1003 2857 legitima
1029 2760 1186 2858 pendeat
1208 2759 1328 2836 totius

279 2892 421 2968 fabellae
435 2891 645 2991 explicatio.

330 3027 366 3105 2⁰
385 3023 528 3100 Deinde
540 3025 579 3098 in
596 3022 807 3101 Marathum
824 3050 980 3124 puerum
993 3037 1068 3102 tres
1093 3026 1139 3101 el.
1153 3025 1186 3114 I,
1202 3032 1238 3123 4,
1254 3031 1288 3123 8,
1306 3033 1327 3102 9

281 3159 460 3236 conditas.
481 3201 530 3216 -·
542 3158 662 3234 Paulo
682 3170 766 3259 post
782 3149 952 3259 Sulpioiae
971 3171 1008 3236 et
1021 3159 1188 3236 Corinthi
1213 3160 1321 3258 (cor-

281 3294 365 3369 nuti
381 3293 412 3391 i)
429 3318 568 3369 amores
581 3294 742 3394 quinque
757 3294 920 3394 elegidiia
942 3293 1027 3394 (IV,
1046 3299 1135 3391 a-63
1152 3305 1331 3393 praterea

282 3426 334 3523 ΙΙ,
351 3426 386 3528 2)
401 3428 612 3504 adumbrari
632 3439 784 3528 coeptos.
910 3465 915 3470 ·

332 3566 369 3636 3⁰
385 3561 525 3637 Eadem
540 3563 805 3661 propemodum
825 3573 932 3638 aetate
954 3562 1112 3662 elegidia
1132 3563 1203 3659 IV,
1219 3568 1264 3639 13
1291 3576 1336 3642 et

282 3702 329 3773 14
355 3699 561 3799 conscripta
577 3702 623 3776 de
645 3702 773 3801 ignota
783 3699 942 3800 quadam
968 3698 1097 3789 amica,
1111 3725 1193 3798 quae
1207 3699 1325 3776 Hora·

277 3835 386 3910 tianae
411 3832 576 3934 Glycerae
595 3837 832 3935 probabiliter
849 3834 1098 3911 assimulatur.

325 3975 362 4044 4⁰
387 3968 551 4045 Tandem
575 3971 764 4047 succedere
783 3970 945 4069 quinque
970 3968 1018 4047 el.
1039 3966 1093 4058 II,
1116 3969 1151 4058 l,
1174 3971 1211 4060 3,
1227 3972 1262 4060 4,
1293 3972 1327 4061 6,

281 4108 301 4176 5
319 4105 364 4178 de
382 4104 544 4194 Nemesi,
561 4129 729 4204 suprema
743 4106 857 4180 amica
869 4133 879 4196 3
893 4127 975 4201 quae
989 4102 1137 4200 quidem
1148 4103 1322 4196 earmina,
