2766 4950
190 647 311 746 risque
338 647 493 745 spoliata
522 658 601 722 est:
630 649 729 747 quod
758 648 835 747 ipse
857 649 990 748 saepius
1008 649 1047 722 in
1076 648 1233 723 carmine

187 790 367 855 memorat
381 809 389 852 ε

304 1012 375 1074 Non
389 1031 446 1092 ego
457 1011 576 1074 diuitias
585 1016 710 1099 potrum
731 1012 904 1092 fructusque
918 1010 1036 1092 requiro

383 1127 464 1204 Quos
475 1126 546 1188 tulit
555 1126 681 1207 antiquo
692 1125 813 1189 condita
825 1125 929 1190 messis
940 1144 1008 1197 avo,

306 1243 403 1306 Parva
416 1262 499 1325 seges
510 1244 583 1307 eatis
594 1251 649 1306 eut.
658 1292 676 1304 ..
692 1242 733 1324 (l)

181 1473 252 1549 Vel
266 1474 402 1549 ibidem
420 1505 428 1548 :

299 1687 362 1751 Vos
376 1688 594 1768 quoquefota'ois
611 1687 766 1766 quondum,
780 1703 858 1747 auor
864 1685 1007 1765 pauperia
1021 1686 1087 1766 agri

338 1803 493 1880 Custodes,
508 1805 592 1901 fertis
603 1823 727 1866 munera
743 1808 852 1875 vestra,
869 1801 971 1865 Lares.

176 2025 306 2101 Postea
319 2037 456 2117 tamen,
475 2026 551 2101 sive
561 2028 613 2102 rei
628 2026 815 2101 familiaris
830 2036 968 2125 partem
980 2026 1219 2125 recuperavit,

177 2161 253 2235 sive
275 2186 373 2236 nova
385 2161 564 2259 largiente
583 2162 700 2237 amico
720 2161 876 2236 Messala
898 2172 1029 2236 nactus
1045 2172 1113 2251 est,
1133 2185 1149 2233 1
1169 2159 1221 2232 di·

173 2293 274 2366 vitiae
292 2318 325 2387 o,
340 2306 384 2370 ut
395 2306 520 2370 monet
533 2295 725 2391 Horatius,
748 2295 892 2371 Tibullo
904 2294 1155 2395 contigerunt,
1173 2318 1221 2367 eae

175 2427 304 2502 saltem
318 2454 400 2529 quae
414 2432 544 2506 decent
558 2434 703 2530 poetam
722 2460 731 2505 ε

376 2659 505 2722 mundus
520 2660 687 2723 vietusnon
698 2659 853 2724 deficiente
864 2678 1006 2723 crumena
1016 2660 1070 2741 (2).

219 2891 390 2966 Ceterum
434 2893 619 2992 singulare
660 2894 729 2967 hoc
771 2894 810 2967 in
844 2894 981 2990 juvene
1027 2903 1214 2980 notamus

165 3050 356 3124 nunquam
385 3025 538 3101 Caesaris
558 3027 860 3121 benevolentiam,
880 3027 927 3101 ad
958 3026 1076 3100 vicem
1095 3049 1214 3124 aequa-

165 3157 257 3230 lium
275 3171 475 3256 poetarum,
503 3159 672 3259 Vergilii,
702 3160 859 3255 Horatii,
885 3170 1069 3259 captasse3
1102 3159 1213 3232 nullae

166 3291 265 3389 apud
279 3318 364 3365 eum
385 3294 550 3393 Augusti
578 3294 716 3381 laudes,
735 3295 847 3368 nullae
872 3293 1095 3369 Maecenatis.
1119 3293 1212 3369 Satis

166 3425 294 3500 habuit
306 3427 440 3502 nobilis
454 3429 525 3502 viri
539 3429 677 3503 Valerii
691 3427 857 3504 Messalae
879 3428 1030 3504 Corvini
1044 3429 1164 3526 gratia
1178 3438 1211 3502 et

165 3562 314 3636 caritate
351 3563 512 3660 perfrui:
535 3590 644 3663 quem
659 3564 846 3640 consulem
870 3549 1009 3639 factum
1036 3588 1097 3637 an.
1130 3565 1209 3655 723,

163 3694 276 3770 altera
298 3696 514 3772 imminente
541 3720 715 3798 agrorum
738 3699 947 3798 partitione,
974 3699 1097 3772 forsan
1116 3697 1209 3771 adie-

161 3840 219 3904 rat
243 3871 292 3885 -
321 3831 352 3905 si
382 3832 531 3931 quidem
560 3833 638 3930 ipse
679 3832 867 3930 putandus
898 3842 954 3906 est
993 3830 1211 3930 Panegyrici

197 4070 295 4145 (aar.
317 4075 341 4143 1,
361 4076 385 4143 1,
400 4093 427 4134 v,
439 4077 473 4129 41
499 4093 559 4145 sqq.

195 4163 235 4234 (a)
255 4166 340 4234 apest.
359 4166 382 4232 1,
399 4167 425 4230 1,
443 4183 470 4222 v.
487 4168 530 4224 11.
