<?xml version="1.0" encoding="UTF-8"?>
<!DOCTYPE html PUBLIC "-//W3C//DTD XHTML 1.0 Transitional//EN"
    "http://www.w3.org/TR/xhtml1/DTD/xhtml1-transitional.dtd">
<html xmlns="http://www.w3.org/1999/xhtml" xml:lang="en" lang="en">
 <head>
  <title>
</title>
<meta http-equiv="Content-Type" content="text/html;charset=utf-8" />
  <meta name='ocr-system' content='tesseract 3.04.00' />
  <meta name='ocr-capabilities' content='ocr_page ocr_carea ocr_par ocr_line ocrx_word'/>
</head>
<body>
  <div class='ocr_page' id='page_1' title='image "./detibulliamorib01doncgoog_0085.png"; bbox 0 0 2766 4950; ppageno 0'>
   <div class='ocr_carea' id='block_1_1' title="bbox 680 482 874 550">
    <p class='ocr_par' dir='ltr' id='par_1_1' title="bbox 680 482 874 550">
     <span class='ocr_line' id='line_1_1' title="bbox 680 482 874 550; baseline 0.026 -23"><span class='ocrx_word' id='word_1_1' title='bbox 680 519 709 530; x_wconf 82' lang='grc'>.-</span> <span class='ocrx_word' id='word_1_2' title='bbox 755 482 799 550; x_wconf 77' lang='grc'>66</span> <span class='ocrx_word' id='word_1_3' title='bbox 818 519 874 532; x_wconf 77' lang='grc'>,..</span> 
     </span>
    </p>
   </div>
   <div class='ocr_carea' id='block_1_2' title="bbox 251 622 1301 859">
    <p class='ocr_par' dir='ltr' id='par_1_2' title="bbox 251 585 1301 859">
     <span class='ocr_line' id='line_1_2' title="bbox 288 622 1299 727; baseline -0.004 -27"><span class='ocrx_word' id='word_1_4' title='bbox 288 622 348 700; x_wconf 65' lang='lat' dir='ltr'>”In</span> <span class='ocrx_word' id='word_1_5' title='bbox 361 627 408 702; x_wconf 82' lang='lat' dir='ltr'>el.</span> <span class='ocrx_word' id='word_1_6' title='bbox 427 633 447 701; x_wconf 86' lang='lat'>9</span> <span class='ocrx_word' id='word_1_7' title='bbox 461 627 506 702; x_wconf 88' lang='lat' dir='ltr'>de</span> <span class='ocrx_word' id='word_1_8' title='bbox 521 628 666 727; x_wconf 82' lang='lat' dir='ltr'>integro</span> <span class='ocrx_word' id='word_1_9' title='bbox 680 638 786 725; x_wconf 88' lang='lat' dir='ltr'>poeta</span> <span class='ocrx_word' id='word_1_10' title='bbox 809 627 903 702; x_wconf 88' lang='lat' dir='ltr'>redit</span> <span class='ocrx_word' id='word_1_11' title='bbox 920 627 966 702; x_wconf 89' lang='lat' dir='ltr'>ad</span> <span class='ocrx_word' id='word_1_12' title='bbox 988 637 1136 726; x_wconf 86' lang='lat' dir='ltr'>suosptc</span> <span class='ocrx_word' id='word_1_13' title='bbox 1148 632 1299 716; x_wconf 69' lang='lat' dir='ltr'>amores4</span> 
     </span>
     <span class='ocr_line' id='line_1_3' title="bbox 251 755 1301 859; baseline -0.001 -24"><span class='ocrx_word' id='word_1_14' title='bbox 251 755 382 851; x_wconf 64' lang='lat' dir='ltr'>perum</span> <span class='ocrx_word' id='word_1_15' title='bbox 396 772 439 835; x_wconf 89' lang='lat' dir='ltr'>ut</span> <span class='ocrx_word' id='word_1_16' title='bbox 454 761 512 837; x_wconf 90' lang='lat' dir='ltr'>eis.</span> <span class='ocrx_word' id='word_1_17' title='bbox 523 761 678 835; x_wconf 86' lang='lat' dir='ltr'>tristiter</span> <span class='ocrx_word' id='word_1_18' title='bbox 697 761 811 835; x_wconf 89' lang='lat' dir='ltr'>finem</span> <span class='ocrx_word' id='word_1_19' title='bbox 832 761 911 842; x_wconf 85' lang='lat' dir='ltr'>fieri</span> <span class='ocrx_word' id='word_1_20' title='bbox 934 765 1138 837; x_wconf 79' lang='lat' dir='ltr'><strong>cernamus,</strong></span> <span class='ocrx_word' id='word_1_21' title='bbox 1156 757 1301 859; x_wconf 77' lang='lat' dir='ltr'>Quippe</span> 
     </span>
    </p>
   </div>
   <div class='ocr_carea' id='block_1_3' title="bbox 92 875 1327 994">
    <p class='ocr_par' dir='ltr' id='par_1_3' title="bbox 92 875 1327 994">
     <span class='ocr_line' id='line_1_4' title="bbox 92 875 1327 994; baseline -0.005 -23"><span class='ocrx_word' id='word_1_22' title='bbox 92 918 97 925; x_wconf 87' lang='lat'><em>·</em></span> <span class='ocrx_word' id='word_1_23' title='bbox 169 929 172 935; x_wconf 93' lang='lat'>·</span> <span class='ocrx_word' id='word_1_24' title='bbox 255 891 455 990; x_wconf 80' lang='lat' dir='ltr'>Marathus,</span> <span class='ocrx_word' id='word_1_25' title='bbox 470 895 588 994; x_wconf 90' lang='lat' dir='ltr'>pretio</span> <span class='ocrx_word' id='word_1_26' title='bbox 612 875 745 986; x_wconf 82' lang='lat' dir='ltr'>victus,</span> <span class='ocrx_word' id='word_1_27' title='bbox 762 895 875 970; x_wconf 88' lang='lat' dir='ltr'><strong>fidem</strong></span> <span class='ocrx_word' id='word_1_28' title='bbox 897 906 1073 993; x_wconf 84' lang='lat' dir='ltr'>ergatam</span> <span class='ocrx_word' id='word_1_29' title='bbox 1096 893 1327 991; x_wconf 84' lang='lat' dir='ltr'>benignum</span> 
     </span>
    </p>
   </div>
   <div class='ocr_carea' id='block_1_4' title="bbox 252 1026 1373 1800">
    <p class='ocr_par' dir='ltr' id='par_1_4' title="bbox 252 1026 1373 1800">
     <span class='ocr_line' id='line_1_5' title="bbox 254 1026 1298 1129; baseline -0.002 -26"><span class='ocrx_word' id='word_1_30' title='bbox 254 1029 445 1104; x_wconf 76' lang='lat' dir='ltr'>Tibullum</span> <span class='ocrx_word' id='word_1_31' title='bbox 465 1028 633 1122; x_wconf 85' lang='lat' dir='ltr'>violavit,</span> <span class='ocrx_word' id='word_1_32' title='bbox 662 1057 699 1104; x_wconf 92' lang='lat' dir='ltr'>se</span> <span class='ocrx_word' id='word_1_33' title='bbox 721 1030 927 1129; x_wconf 88' lang='lat' dir='ltr'>podagroso</span> <span class='ocrx_word' id='word_1_34' title='bbox 950 1029 1028 1106; x_wconf 88' lang='lat' dir='ltr'>seni</span> <span class='ocrx_word' id='word_1_35' title='bbox 1047 1026 1298 1103; x_wconf 80' lang='lat' dir='ltr'>venumdedit</span> 
     </span>
     <span class='ocr_line' id='line_1_6' title="bbox 253 1163 1299 1272; baseline -0.004 -34"><span class='ocrx_word' id='word_1_36' title='bbox 253 1164 346 1240; x_wconf 85' lang='lat' dir='ltr'>Inde</span> <span class='ocrx_word' id='word_1_37' title='bbox 359 1164 556 1272; x_wconf 89' lang='lat' dir='ltr'>querulum</span> <span class='ocrx_word' id='word_1_38' title='bbox 571 1190 725 1252; x_wconf 78' lang='lat' dir='ltr'>carmen,</span> <span class='ocrx_word' id='word_1_39' title='bbox 741 1164 781 1237; x_wconf 92' lang='lat' dir='ltr'>in</span> <span class='ocrx_word' id='word_1_40' title='bbox 806 1164 897 1237; x_wconf 89' lang='lat' dir='ltr'>duas</span> <span class='ocrx_word' id='word_1_41' title='bbox 922 1163 1158 1262; x_wconf 90' lang='lat' dir='ltr'>potissimum</span> <span class='ocrx_word' id='word_1_42' title='bbox 1179 1171 1299 1259; x_wconf 84' lang='lat' dir='ltr'>partes</span> 
     </span>
     <span class='ocr_line' id='line_1_7' title="bbox 252 1295 1373 1395; baseline -0.002 -25"><span class='ocrx_word' id='word_1_43' title='bbox 252 1297 414 1372; x_wconf 83' lang='lat' dir='ltr'>divisum</span> <span class='ocrx_word' id='word_1_44' title='bbox 430 1298 605 1374; x_wconf 87' lang='lat' dir='ltr'>:alteram</span> <span class='ocrx_word' id='word_1_45' title='bbox 615 1301 667 1394; x_wconf 85' lang='lat' dir='ltr'>(v.</span> <span class='ocrx_word' id='word_1_46' title='bbox 687 1301 788 1395; x_wconf 77' lang='grc'>1-·52)</span> <span class='ocrx_word' id='word_1_47' title='bbox 800 1299 839 1371; x_wconf 89' lang='lat' dir='ltr'>in</span> <span class='ocrx_word' id='word_1_48' title='bbox 853 1296 1078 1389; x_wconf 80' lang='lat' dir='ltr'>Marathum,</span> <span class='ocrx_word' id='word_1_49' title='bbox 1098 1297 1160 1370; x_wconf 90' lang='lat' dir='ltr'>ubi</span> <span class='ocrx_word' id='word_1_50' title='bbox 1174 1295 1298 1386; x_wconf 80' lang='lat' dir='ltr'>fletus,</span> <span class='ocrx_word' id='word_1_51' title='bbox 1368 1331 1373 1342; x_wconf 93' lang='lat'><em>·</em></span> 
     </span>
     <span class='ocr_line' id='line_1_8' title="bbox 252 1431 1301 1532; baseline -0.003 -26"><span class='ocrx_word' id='word_1_52' title='bbox 252 1433 325 1527; x_wconf 84' lang='lat' dir='ltr'>irae,</span> <span class='ocrx_word' id='word_1_53' title='bbox 341 1431 452 1506; x_wconf 86' lang='lat' dir='ltr'>minae</span> <span class='ocrx_word' id='word_1_54' title='bbox 478 1458 562 1506; x_wconf 90' lang='lat' dir='ltr'>oum</span> <span class='ocrx_word' id='word_1_55' title='bbox 586 1432 692 1507; x_wconf 86' lang='lat' dir='ltr'>suavi</span> <span class='ocrx_word' id='word_1_56' title='bbox 707 1433 977 1531; x_wconf 80' lang='lat' dir='ltr'>praeteritorum</span> <span class='ocrx_word' id='word_1_57' title='bbox 992 1431 1213 1532; x_wconf 84' lang='lat' dir='ltr'>gaudiorum</span> <span class='ocrx_word' id='word_1_58' title='bbox 1227 1435 1301 1504; x_wconf 91' lang='lat' dir='ltr'>me·</span> 
     </span>
     <span class='ocr_line' id='line_1_9' title="bbox 253 1563 1304 1664; baseline -0.005 -23"><span class='ocrx_word' id='word_1_59' title='bbox 253 1567 370 1641; x_wconf 89' lang='lat' dir='ltr'>moria</span> <span class='ocrx_word' id='word_1_60' title='bbox 406 1565 629 1659; x_wconf 84' lang='lat' dir='ltr'>miscentur3</span> <span class='ocrx_word' id='word_1_61' title='bbox 661 1567 811 1642; x_wconf 90' lang='lat' dir='ltr'>alteram</span> <span class='ocrx_word' id='word_1_62' title='bbox 841 1571 893 1664; x_wconf 84' lang='lat' dir='ltr'>(v.</span> <span class='ocrx_word' id='word_1_63' title='bbox 926 1568 1055 1661; x_wconf 84' lang='lat'>53-74)</span> <span class='ocrx_word' id='word_1_64' title='bbox 1082 1566 1121 1639; x_wconf 89' lang='lat' dir='ltr'>in</span> <span class='ocrx_word' id='word_1_65' title='bbox 1149 1563 1304 1638; x_wconf 90' lang='lat' dir='ltr'>Marathi</span> 
     </span>
     <span class='ocr_line' id='line_1_10' title="bbox 252 1697 1305 1800; baseline -0.004 -24"><span class='ocrx_word' id='word_1_66' title='bbox 252 1710 519 1799; x_wconf 82' lang='lat' dir='ltr'>corruptorem,</span> <span class='ocrx_word' id='word_1_67' title='bbox 535 1701 600 1775; x_wconf 91' lang='lat' dir='ltr'>ubi</span> <span class='ocrx_word' id='word_1_68' title='bbox 613 1701 778 1775; x_wconf 82' lang='lat' dir='ltr'>infensus</span> <span class='ocrx_word' id='word_1_69' title='bbox 798 1712 950 1800; x_wconf 87' lang='lat' dir='ltr'>exoptat</span> <span class='ocrx_word' id='word_1_70' title='bbox 969 1710 1077 1800; x_wconf 88' lang='lat' dir='ltr'>poeta</span> <span class='ocrx_word' id='word_1_71' title='bbox 1098 1703 1141 1774; x_wconf 82' lang='lat' dir='ltr'>ut&#39;</span> <span class='ocrx_word' id='word_1_72' title='bbox 1164 1697 1305 1772; x_wconf 88' lang='lat' dir='ltr'>adulte·</span> 
     </span>
    </p>
   </div>
   <div class='ocr_carea' id='block_1_5' title="bbox 253 1835 1301 2062">
    <p class='ocr_par' dir='ltr' id='par_1_5' title="bbox 253 1835 1301 2062">
     <span class='ocr_line' id='line_1_11' title="bbox 254 1835 1301 1935; baseline -0.002 -26"><span class='ocrx_word' id='word_1_73' title='bbox 254 1837 317 1910; x_wconf 89' lang='lat' dir='ltr'>riis</span> <span class='ocrx_word' id='word_1_74' title='bbox 343 1836 475 1910; x_wconf 85' lang='lat' dir='ltr'>domus</span> <span class='ocrx_word' id='word_1_75' title='bbox 504 1835 600 1910; x_wconf 90' lang='lat' dir='ltr'>senis</span> <span class='ocrx_word' id='word_1_76' title='bbox 625 1846 809 1935; x_wconf 77' lang='lat' dir='ltr'>turpetur,</span> <span class='ocrx_word' id='word_1_77' title='bbox 839 1863 926 1935; x_wconf 91' lang='lat' dir='ltr'>opes</span> <span class='ocrx_word' id='word_1_78' title='bbox 949 1835 1232 1934; x_wconf 87' lang='lat' dir='ltr'>disperdantur:</span> <span class='ocrx_word' id='word_1_79' title='bbox 1253 1844 1301 1928; x_wconf 88' lang='lat' dir='ltr'>te,</span> 
     </span>
     <span class='ocr_line' id='line_1_12' title="bbox 253 1961 387 2062; baseline -0.022 -24"><span class='ocrx_word' id='word_1_80' title='bbox 253 1961 387 2062; x_wconf 91' lang='lat' dir='ltr'>inquit,</span> 
     </span>
    </p>
   </div>
   <div class='ocr_carea' id='block_1_6' title="bbox 454 2139 1254 2457">
    <p class='ocr_par' dir='ltr' id='par_1_6' title="bbox 454 2139 1254 2457">
     <span class='ocr_line' id='line_1_13' title="bbox 494 2139 1254 2214; baseline -0.003 -11"><span class='ocrx_word' id='word_1_81' title='bbox 494 2141 604 2205; x_wconf 85' lang='lat' dir='ltr'>Rideat</span> <span class='ocrx_word' id='word_1_82' title='bbox 617 2141 743 2204; x_wconf 86' lang='lat' dir='ltr'>assiduis</span> <span class='ocrx_word' id='word_1_83' title='bbox 757 2141 942 2203; x_wconf 85' lang='lat' dir='ltr'>uxor-inulta</span> <span class='ocrx_word' id='word_1_84' title='bbox 954 2139 1041 2214; x_wconf 87' lang='lat' dir='ltr'>dolis,</span> <span class='ocrx_word' id='word_1_85' title='bbox 1134 2192 1136 2196; x_wconf 13' lang='grc' dir='ltr'><em>Α</em></span> <span class='ocrx_word' id='word_1_86' title='bbox 1247 2163 1254 2177; x_wconf 87' lang='grc'><em>·</em></span> 
     </span>
     <span class='ocr_line' id='line_1_14' title="bbox 454 2257 1102 2341; baseline -0.008 -19"><span class='ocrx_word' id='word_1_87' title='bbox 454 2261 495 2322; x_wconf 87' lang='lat' dir='ltr'>Et</span> <span class='ocrx_word' id='word_1_88' title='bbox 512 2279 579 2322; x_wconf 91' lang='lat' dir='ltr'>cum</span> <span class='ocrx_word' id='word_1_89' title='bbox 592 2259 706 2321; x_wconf 82' lang='lat' dir='ltr'>furtivo</span> <span class='ocrx_word' id='word_1_90' title='bbox 715 2259 855 2341; x_wconf 85' lang='lat' dir='ltr'>juvenem</span> <span class='ocrx_word' id='word_1_91' title='bbox 868 2257 1022 2320; x_wconf 73' lang='lat' dir='ltr'>lassaverit</span> <span class='ocrx_word' id='word_1_92' title='bbox 1036 2275 1102 2331; x_wconf 89' lang='lat' dir='ltr'>usu,</span> 
     </span>
     <span class='ocr_line' id='line_1_15' title="bbox 492 2373 1180 2457; baseline -0.001 -19"><span class='ocrx_word' id='word_1_93' title='bbox 492 2376 605 2439; x_wconf 83' lang='lat' dir='ltr'>Tecum</span> <span class='ocrx_word' id='word_1_94' title='bbox 617 2376 794 2457; x_wconf 86' lang='lat' dir='ltr'>interposita</span> <span class='ocrx_word' id='word_1_95' title='bbox 808 2375 1038 2456; x_wconf 84' lang='lat' dir='ltr'>languidaveste</span> <span class='ocrx_word' id='word_1_96' title='bbox 1053 2373 1180 2437; x_wconf 84' lang='lat' dir='ltr'>cubet...</span> 
     </span>
    </p>
   </div>
   <div class='ocr_carea' id='block_1_7' title="bbox 234 2622 1308 4202">
    <p class='ocr_par' dir='ltr' id='par_1_7' title="bbox 234 2622 1308 4202">
     <span class='ocr_line' id='line_1_16' title="bbox 254 2622 1307 2726; baseline -0.007 -23"><span class='ocrx_word' id='word_1_97' title='bbox 254 2623 311 2703; x_wconf 89' lang='lat' dir='ltr'>De</span> <span class='ocrx_word' id='word_1_98' title='bbox 323 2653 396 2726; x_wconf 91' lang='lat' dir='ltr'>quo</span> <span class='ocrx_word' id='word_1_99' title='bbox 423 2628 631 2702; x_wconf 89' lang='lat' dir='ltr'>notandum</span> <span class='ocrx_word' id='word_1_100' title='bbox 643 2638 709 2722; x_wconf 90' lang='lat' dir='ltr'>est,</span> <span class='ocrx_word' id='word_1_101' title='bbox 730 2658 745 2694; x_wconf 86' lang='lat'>«</span> <span class='ocrx_word' id='word_1_102' title='bbox 762 2629 934 2722; x_wconf 75' lang='lat' dir='ltr'>juvenem</span> <span class='ocrx_word' id='word_1_103' title='bbox 950 2659 965 2694; x_wconf 89' lang='lat'>»</span> <span class='ocrx_word' id='word_1_104' title='bbox 994 2627 1103 2699; x_wconf 90' lang='lat' dir='ltr'>illum</span> <span class='ocrx_word' id='word_1_105' title='bbox 1122 2625 1186 2723; x_wconf 90' lang='lat' dir='ltr'>qui</span> <span class='ocrx_word' id='word_1_106' title='bbox 1207 2622 1307 2697; x_wconf 89' lang='lat' dir='ltr'>senis</span> 
     </span>
     <span class='ocr_line' id='line_1_17' title="bbox 257 2756 1306 2861; baseline -0.007 -24"><span class='ocrx_word' id='word_1_107' title='bbox 257 2762 413 2861; x_wconf 84' lang='lat' dir='ltr'>conjuge</span> <span class='ocrx_word' id='word_1_108' title='bbox 427 2763 507 2860; x_wconf 92' lang='lat' dir='ltr'>jam</span> <span class='ocrx_word' id='word_1_109' title='bbox 522 2762 663 2860; x_wconf 87' lang='lat' dir='ltr'>potitus</span> <span class='ocrx_word' id='word_1_110' title='bbox 678 2789 754 2837; x_wconf 89' lang='lat' dir='ltr'>esse</span> <span class='ocrx_word' id='word_1_111' title='bbox 771 2762 905 2837; x_wconf 89' lang='lat' dir='ltr'>dicitur</span> <span class='ocrx_word' id='word_1_112' title='bbox 918 2765 970 2858; x_wconf 87' lang='lat' dir='ltr'>(v.</span> <span class='ocrx_word' id='word_1_113' title='bbox 991 2763 1114 2856; x_wconf 79' lang='lat'>65-72)</span> <span class='ocrx_word' id='word_1_114' title='bbox 1132 2756 1306 2834; x_wconf 90' lang='lat' dir='ltr'>eumdem</span> 
     </span>
     <span class='ocr_line' id='line_1_18' title="bbox 256 2895 1307 2997; baseline -0.001 -25"><span class='ocrx_word' id='word_1_115' title='bbox 256 2896 369 2972; x_wconf 87' lang='lat' dir='ltr'>videri</span> <span class='ocrx_word' id='word_1_116' title='bbox 380 2898 547 2997; x_wconf 89' lang='lat' dir='ltr'>pluribus</span> <span class='ocrx_word' id='word_1_117' title='bbox 562 2925 602 2973; x_wconf 87' lang='lat' dir='ltr'>ac</span> <span class='ocrx_word' id='word_1_118' title='bbox 618 2898 850 2993; x_wconf 82' lang='lat' dir='ltr'>Marathum-3</span> <span class='ocrx_word' id='word_1_119' title='bbox 865 2896 1024 2996; x_wconf 88' lang='lat' dir='ltr'>puellam</span> <span class='ocrx_word' id='word_1_120' title='bbox 1034 2907 1171 2982; x_wconf 88' lang='lat' dir='ltr'>autem,</span> <span class='ocrx_word' id='word_1_121' title='bbox 1184 2895 1307 2993; x_wconf 90' lang='lat' dir='ltr'>ipsam</span> 
     </span>
     <span class='ocr_line' id='line_1_19' title="bbox 255 3029 1304 3132; baseline -0.004 -27"><span class='ocrx_word' id='word_1_122' title='bbox 255 3057 336 3130; x_wconf 85' lang='lat' dir='ltr'>quae</span> <span class='ocrx_word' id='word_1_123' title='bbox 362 3032 401 3106; x_wconf 88' lang='lat' dir='ltr'>in</span> <span class='ocrx_word' id='word_1_124' title='bbox 419 3033 602 3132; x_wconf 80' lang='lat' dir='ltr'>superiore</span> <span class='ocrx_word' id='word_1_125' title='bbox 629 3033 744 3132; x_wconf 84' lang='lat' dir='ltr'>elegia</span> <span class='ocrx_word' id='word_1_126' title='bbox 760 3032 1005 3107; x_wconf 85' lang='lat' dir='ltr'>inducebatur</span> <span class='ocrx_word' id='word_1_127' title='bbox 1028 3030 1219 3104; x_wconf 86' lang='lat' dir='ltr'>Pholoen:</span> <span class='ocrx_word' id='word_1_128' title='bbox 1239 3029 1304 3103; x_wconf 88' lang='lat' dir='ltr'>sed</span> 
     </span>
     <span class='ocr_line' id='line_1_20' title="bbox 255 3147 1302 3271; baseline -0.004 -31"><span class='ocrx_word' id='word_1_129' title='bbox 255 3193 340 3240; x_wconf 91' lang='lat' dir='ltr'>cum</span> <span class='ocrx_word' id='word_1_130' title='bbox 368 3176 471 3265; x_wconf 83' lang='lat' dir='ltr'>paene</span> <span class='ocrx_word' id='word_1_131' title='bbox 490 3167 713 3241; x_wconf 87' lang='lat' dir='ltr'>incredibilis</span> <span class='ocrx_word' id='word_1_132' title='bbox 738 3167 826 3240; x_wconf 76' lang='lat' dir='ltr'>hmo</span> <span class='ocrx_word' id='word_1_133' title='bbox 841 3192 964 3271; x_wconf 79' lang='lat' dir='ltr'>rerum</span> <span class='ocrx_word' id='word_1_134' title='bbox 992 3147 1208 3239; x_wconf 82' lang='lat' dir='ltr'>vicissitudo</span> <span class='ocrx_word' id='word_1_135' title='bbox 1230 3173 1302 3254; x_wconf 87' lang='lat' dir='ltr'>est,</span> 
     </span>
     <span class='ocr_line' id='line_1_21' title="bbox 254 3268 1306 3400; baseline -0.003 -27"><span class='ocrx_word' id='word_1_136' title='bbox 254 3309 337 3373; x_wconf 92' lang='lat' dir='ltr'>tum</span> <span class='ocrx_word' id='word_1_137' title='bbox 351 3300 445 3372; x_wconf 90' lang='lat' dir='ltr'>nihil</span> <span class='ocrx_word' id='word_1_138' title='bbox 461 3300 590 3374; x_wconf 87' lang='lat' dir='ltr'>existit</span> <span class='ocrx_word' id='word_1_139' title='bbox 604 3301 643 3374; x_wconf 90' lang='lat' dir='ltr'>in</span> <span class='ocrx_word' id='word_1_140' title='bbox 657 3299 855 3400; x_wconf 83' lang='lat' dir='ltr'>elegiarum</span> <span class='ocrx_word' id='word_1_141' title='bbox 866 3280 979 3374; x_wconf 86' lang='lat' dir='ltr'>&#39;textu</span> <span class='ocrx_word' id='word_1_142' title='bbox 1002 3268 1100 3372; x_wconf 74' lang='lat' dir='ltr'>unde</span> <span class='ocrx_word' id='word_1_143' title='bbox 1118 3297 1207 3397; x_wconf 91' lang='lat' dir='ltr'>quid</span> <span class='ocrx_word' id='word_1_144' title='bbox 1222 3322 1306 3395; x_wconf 92' lang='lat' dir='ltr'>pro·</span> 
     </span>
     <span class='ocr_line' id='line_1_22' title="bbox 254 3431 1305 3539; baseline -0.003 -33"><span class='ocrx_word' id='word_1_145' title='bbox 254 3432 454 3539; x_wconf 83' lang='lat' dir='ltr'>habilitatis</span> <span class='ocrx_word' id='word_1_146' title='bbox 480 3435 615 3527; x_wconf 85' lang='lat' dir='ltr'>trahat,</span> <span class='ocrx_word' id='word_1_147' title='bbox 639 3435 730 3521; x_wconf 15' lang='lat' dir='ltr'>imo*</span> <span class='ocrx_word' id='word_1_148' title='bbox 752 3434 909 3516; x_wconf 89' lang='lat' dir='ltr'>Pholoes</span> <span class='ocrx_word' id='word_1_149' title='bbox 936 3433 1081 3530; x_wconf 77' lang='lat' dir='ltr'>fastidia</span> <span class='ocrx_word' id='word_1_150' title='bbox 1110 3431 1305 3521; x_wconf 85' lang='lat' dir='ltr'>ardoribus</span> 
     </span>
     <span class='ocr_line' id='line_1_23' title="bbox 253 3561 1308 3668; baseline -0.003 -27"><span class='ocrx_word' id='word_1_151' title='bbox 253 3567 384 3666; x_wconf 77' lang='lat' dir='ltr'>puella</span> <span class='ocrx_word' id='word_1_152' title='bbox 398 3568 438 3641; x_wconf 90' lang='lat' dir='ltr'>in</span> <span class='ocrx_word' id='word_1_153' title='bbox 451 3568 496 3642; x_wconf 88' lang='lat' dir='ltr'>el.</span> <span class='ocrx_word' id='word_1_154' title='bbox 515 3561 733 3668; x_wconf 76' lang='lat' dir='ltr'>8&#39;expressae</span> <span class='ocrx_word' id='word_1_155' title='bbox 754 3570 917 3668; x_wconf 90' lang='lat' dir='ltr'>apprime</span> <span class='ocrx_word' id='word_1_156' title='bbox 930 3589 1140 3667; x_wconf 81' lang='lat' dir='ltr'>repugnant</span> <span class='ocrx_word' id='word_1_157' title='bbox 1157 3565 1308 3663; x_wconf 88' lang='lat' dir='ltr'>:itaque</span> 
     </span>
     <span class='ocr_line' id='line_1_24' title="bbox 234 3702 1305 3811; baseline 0 -37"><span class='ocrx_word' id='word_1_158' title='bbox 234 3702 363 3809; x_wconf 64' lang='lat' dir='ltr'>talem</span> <span class='ocrx_word' id='word_1_159' title='bbox 377 3702 660 3811; x_wconf 82' lang='lat' dir='ltr'>explicationem</span> <span class='ocrx_word' id='word_1_160' title='bbox 679 3713 824 3801; x_wconf 89' lang='lat' dir='ltr'>oportet</span> <span class='ocrx_word' id='word_1_161' title='bbox 843 3704 970 3777; x_wconf 88' lang='lat' dir='ltr'>ceteris</span> <span class='ocrx_word' id='word_1_162' title='bbox 991 3703 1185 3776; x_wconf 86' lang='lat' dir='ltr'>doctorum</span> <span class='ocrx_word' id='word_1_163' title='bbox 1207 3727 1305 3775; x_wconf 61' lang='lat' dir='ltr'>som6</span> 
     </span>
     <span class='ocr_line' id='line_1_25' title="bbox 251 3834 1304 3933; baseline 0.001 -27"><span class='ocrx_word' id='word_1_164' title='bbox 251 3834 322 3907; x_wconf 90' lang='lat' dir='ltr'>niis</span> <span class='ocrx_word' id='word_1_165' title='bbox 338 3859 568 3908; x_wconf 89' lang='lat' dir='ltr'>annumeres.</span> <span class='ocrx_word' id='word_1_166' title='bbox 589 3835 770 3910; x_wconf 79' lang='lat' dir='ltr'>Carminis</span> <span class='ocrx_word' id='word_1_167' title='bbox 786 3837 950 3911; x_wconf 86' lang='lat' dir='ltr'>clausula</span> <span class='ocrx_word' id='word_1_168' title='bbox 968 3837 1021 3933; x_wconf 80' lang='lat' dir='ltr'>(v.</span> <span class='ocrx_word' id='word_1_169' title='bbox 1054 3835 1195 3932; x_wconf 55' lang='lat'>77784),</span> <span class='ocrx_word' id='word_1_170' title='bbox 1215 3860 1304 3909; x_wconf 88' lang='lat' dir='ltr'>con·</span> 
     </span>
     <span class='ocr_line' id='line_1_26' title="bbox 250 3967 1305 4063; baseline 0.001 -22"><span class='ocrx_word' id='word_1_171' title='bbox 250 3993 357 4044; x_wconf 88' lang='lat' dir='ltr'>versa</span> <span class='ocrx_word' id='word_1_172' title='bbox 371 3968 415 4041; x_wconf 87' lang='lat' dir='ltr'>ad</span> <span class='ocrx_word' id='word_1_173' title='bbox 440 3967 651 4043; x_wconf 86' lang='lat' dir='ltr'>Marathum</span> <span class='ocrx_word' id='word_1_174' title='bbox 668 3972 841 4063; x_wconf 85' lang='lat' dir='ltr'>oratione,</span> <span class='ocrx_word' id='word_1_175' title='bbox 865 3997 1012 4045; x_wconf 93' lang='lat' dir='ltr'>omnem</span> <span class='ocrx_word' id='word_1_176' title='bbox 1032 3969 1305 4044; x_wconf 87' lang='lat' dir='ltr'>dubitationem</span> 
     </span>
     <span class='ocr_line' id='line_1_27' title="bbox 251 4086 1301 4202; baseline 0.003 -29"><span class='ocrx_word' id='word_1_177' title='bbox 251 4100 296 4175; x_wconf 88' lang='lat' dir='ltr'>dc</span> <span class='ocrx_word' id='word_1_178' title='bbox 328 4086 606 4178; x_wconf 82' lang='lat' dir='ltr'>consuetudinis</span> <span class='ocrx_word' id='word_1_179' title='bbox 624 4096 729 4178; x_wconf 85' lang='lat' dir='ltr'>exitu</span> <span class='ocrx_word' id='word_1_180' title='bbox 755 4103 861 4178; x_wconf 88' lang='lat' dir='ltr'>tollet</span> <span class='ocrx_word' id='word_1_181' title='bbox 879 4096 1100 4202; x_wconf 88' lang='lat' dir='ltr'>:profitetur</span> <span class='ocrx_word' id='word_1_182' title='bbox 1127 4101 1301 4182; x_wconf 84' lang='lat' dir='ltr'>Tibullus</span> 
     </span>
    </p>
   </div>
   <div class='ocr_carea' id='block_1_8' title="bbox 0 0 1388 4950">
    <p class='ocr_par' dir='ltr' id='par_1_8' title="bbox 0 0 1388 4950">
     <span class='ocr_line' id='line_1_28' title="bbox 0 0 1388 4950; baseline 0 5"><span class='ocrx_word' id='word_1_183' title='bbox 0 0 1388 4950; x_wconf 95' lang='lat' dir='ltr'> </span> 
     </span>
    </p>
   </div>
  </div>
 </body>
</html>
