2766 4950
619 581 667 592 -
696 541 740 610 15
766 577 814 593 ..

187 708 341 783 poeseos
355 687 478 764 indole
492 687 617 787 liquet,
629 686 942 785 quemadmodum
953 688 1142 783 aTibullo,
1165 714 1241 763 non

185 839 294 896 secus
308 823 355 897 ab
368 821 505 900 Ovidio
523 821 716 897 abhorrere
727 820 986 921 Lygdamum3
1001 848 1119 922 neque
1130 824 1240 922 hujus

170 965 286 1030 certe
308 955 447 1032 lentam
482 955 748 1056 querimoniam
774 982 859 1031 cum
885 957 958 1032 levi
990 958 1089 1032 illius
1112 984 1238 1057 proca-

179 1088 293 1188 cique
303 1089 468 1185 libidine,
482 1089 694 1166 facilitatem
716 1090 993 1190 ubertatemque
1019 1091 1239 1167 Ovidianam

164 1247 273 1297 cum
287 1224 417 1322 jejuna
440 1234 478 1300 et
503 1224 597 1299 sicca
636 1223 822 1324 Lygdami
851 1236 984 1299 natura
1020 1225 1239 1302 concordare

182 1383 309 1456 posse.
325 1357 433 1451 Quod
454 1358 669 1435 concludere
687 1359 786 1451 licet,
813 1360 969 1458 aequales
990 1360 1099 1456 ambo
1122 1371 1238 1460 poetae

181 1490 346 1587 fumant,
376 1503 414 1568 et
447 1491 540 1568 alter
562 1491 720 1567 alterum
760 1505 815 1568 est
842 1493 1062 1568 imitatus:
1096 1519 1237 1593 nempe,

163 1625 255 1701 etsi
294 1651 352 1703 res
392 1626 498 1701 nobis
539 1626 715 1702 miraculo
756 1638 830 1721 est,
876 1625 1033 1704 Ovidius
1073 1627 1239 1731 *Lygda-

179 1782 290 1835 mum
306 1759 374 1860 (1).

232 1894 345 1971 Albio
386 1893 547 1986 Tibullo,
588 1894 722 1971 Publio
761 1894 898 1973 Ovidis
943 1895 1105 1991 remotis,
1152 1921 1237 1972 cum

161 2053 257 2105 „non
270 2029 390 2130 magis
416 2028 599 2130 designari
626 2030 743 2130 possit
761 2029 872 2105 homo
890 2041 994 2104 ortus
1018 2052 1169 2130 egraeca
1182 2031 1234 2106 fa-

177 2161 283 2237 milia
311 2162 352 2237 in
376 2162 564 2239 civitatem
578 2162 784 2238 Romanam
805 2174 951 2261 recepta
974 2161 1086 2262 (quod
1114 2163 1234 2239 voluit

178 2294 414 2397 Hertaberg),
432 2296 683 2397 quaesiverrmt
702 2296 803 2371 eccui
823 2296 885 2370 alii
910 2307 1029 2395 poetae
1043 2296 1232 2397 Lygdami

176 2440 268 2506 nota
285 2429 511 2507 conveniret.
539 2428 655 2506 Cassii
691 2429 919 2520 Parmensis,
948 2428 1075 2530 Valgii
1093 2457 1229 2507 nomen

160 2566 329 2666 „quidem
359 2564 510 2665 syllabis
539 2565 709 2666 quadrat,
733 2575 823 2639 aetas
847 2563 1000 2638 minime
1015 2564 1055 2637 in
1081 2564 1229 2665 Lygda-

175 2718 282 2776 mum
301 2699 412 2776 cadit.
427 2699 588 2774 Lucium
608 2724 762 2799 quoque
786 2695 953 2773 Messalae
973 2697 1093 2772 filium
1116 2699 1230 2798 signi·

159 2835 278 2914 ,ficari
291 2833 357 2935 (sic
367 2833 428 2910 Fr.
437 2833 590 2930 Haase),
599 2858 717 2932 neque
729 2832 942 2927 absurdum,
951 2857 1020 2907 nec
1034 2843 1090 2907 sat
1102 2832 1229 2931 proba·

210 3050 248 3124 (1)
277 3046 395 3104 Gravius
419 3046 522 3119 aliquid
547 3047 647 3116 obstat,
676 3063 711 3101 ns
735 3044 908 3116 Lygdamum
943 3045 1035 3102 Ovidii
1058 3052 1138 3118 pates
1168 3047 1228 3101 imi·

172 3142 301 3197 iatorsm.
316 3138 393 3193 Tunc
414 3135 488 3194 euim
508 3153 620 3192 necessa
643 3135 718 3191 iuret
732 3134 905 3206 Lygdamum
920 3134 1060 3206 scripsisse
1078 3135 1114 3196 sl.
1132 3136 1227 3207 ¹&post

171 3227 281 3284 Tristia
302 3224 386 3295 edita,
410 3225 462 3281 hoc
479 3231 523 3281 cst
542 3231 606 3296 post
622 3242 667 3285 an.
695 3224 758 3294 768,
781 3241 843 3279 cum
867 3223 1121 3296 quinquagesimum
1141 3226 1224 3296 septi·

158 3308 249 3370 'mum
262 3331 366 3371 annam
383 3317 503 3385 agaret:
528 3330 618 3386 porro,
636 3329 690 3385 quo
712 3317 794 3385 pacto
815 3317 925 3384 postam
948 3312 994 3367 vel
1018 3313 1224 3368 stolidissimum

161 3403 280 3476 lemen,
298 3421 337 3460 ⁴‹aa›
355 3403 444 3459 aetatis
467 3407 638 3474 provectum,
664 3401 785 3474 potuisse
806 3419 836 3457 sa
855 3422 870 3453 α
891 3401 1022 3474 juvenem
1045 3423 1060 3454 a
1088 3403 1224 3458 declarare

161 3499 341 3565 ‚mortemque
353 3492 503 3548 instantem
522 3491 598 3548 hisce
613 3489 806 3562 metaphoricis
824 3490 914 3546 verbis
928 3490 1030 3562 alloqui
1046 3511 1053 3548 ι

344 3625 404 3686 Quid
416 3626 527 3676 fraudare
538 3629 610 3688 jurat
624 3627 700 3676 vitem
712 3626 866 3674 crescentibus
875 3627 934 3686 uris,

340 3714 344 3720 ⁴
373 3705 403 3755 ut
416 3707 484 3755 modo
496 3713 555 3755 sata
568 3707 635 3754 mala
651 3705 738 3755 vellera
749 3719 818 3768 poma
832 3707 918 3753 manu?

792 3793 854 3861 (n.
868 3793 924 3864 111,
939 3794 980 3862 5.)

168 3928 298 3985 Ovidium
323 3933 429 3999 conns,
447 3928 476 3983 in
501 3927 681 3983 imitationem
707 3927 828 3982 omnium
851 3933 991 3998 poetarum
1015 3933 1072 3982 tam
1091 3944 1218 3998 pronum,

156 4017 258 4087 ¹lectos
271 4016 316 4074 vel
330 4018 437 4074 auditos
457 4016 587 4073 memoria
601 4016 721 4072 tenuisse
733 4016 869 4088 Lygdsmi
882 4016 984 4088 elegos,
999 4033 1167 4087 naquaquam
1179 4017 1222 4070 in·

169 4107 299 4163 credibile
323 4113 393 4163 ast:
419 4106 478 4179 ipse
501 4106 596 4161 forsan
618 4122 688 4160 unus
708 4111 766 4160 erat
784 4105 932 4161 amicorum
955 4104 1029 4159 Baiis
1051 4105 1219 4176 degentium,

168 4196 204 4252 ad
219 4213 286 4267 quos
298 4196 458 4270 Lygdamus
476 4194 585 4267 scripsit
599 4193 714 4266 elegiam
732 4195 759 4253 5.
