2766 4950
472 494 517 505 ..
547 457 590 525 75
617 493 664 507 -

99 600 272 676 Ceterum
287 605 394 677 ambo
415 605 588 696 carmina,
604 618 640 677 et
661 629 833 678 versuum
861 608 1043 704 paucitate
1060 616 1096 678 et

49 738 163 833 pressi
177 738 354 812 sermonis
372 738 560 832 bremtate,
576 740 745 836 proxime
768 739 946 813 accedunt
965 738 1011 813 ad
1026 738 1094 813 ele·

49 869 148 967 gidia
169 871 216 945 de
242 871 412 969 Sulpicia,
428 873 518 962 ideo
539 884 622 970 post
645 871 800 962 Deliam,
817 883 901 946 ante
910 871 1095 947 Nemesim

51 1017 208 1085 amatam
228 1007 375 1081 condita
386 1006 570 1081 videntur.
594 1006 681 1081 dam
695 1018 785 1081 tunc
808 1007 914 1081 nobis
931 1017 1094 1104 apparet,

51 1166 124 1215 non
139 1140 391 1239 ingenuusille
404 1141 570 1239 primaevi
582 1141 738 1214 amantis
752 1140 884 1229 fervor,
899 1141 961 1214 sed
978 1139 1097 1214 lassus

53 1276 196 1348 animus
220 1285 256 1350 et
281 1275 435 1373 inquies,
452 1275 516 1373 qui
539 1274 626 1348 vitae
647 1274 743 1347 mala
772 1300 974 1371 perpessus,
997 1299 1097 1348 cura·

52 1435 134 1482 rum
156 1409 292 1483 oblivia
318 1409 447 1484 misere
475 1408 606 1506 quaerit
632 1408 682 1491 in,
697 1433 828 1499 amore,
851 1407 1022 1505 praescius
1045 1418 1098 1480 ta-

53 1570 137 1619 men
165 1555 255 1642 quot
281 1554 500 1642 quantaeque
526 1542 594 1616 sibi
627 1568 721 1615 curm
743 1542 898 1615 «medio
930 1541 975 1614 de
1001 1541 1101 1615 fonte

53 1679 219 1776 leporum
240 1702 257 1750 a
286 1688 502 1752 surrecturae
529 1677 605 1750 sint
617 1706 627 1768 ;
658 1676 768 1749 simul
794 1674 942 1750 amandi
968 1675 1100 1748 avidis·

56 1814 181 1902 simus,
201 1813 422 1912 gaudiorum
435 1811 587 1885 minime
605 1835 732 1907 capax,

104 1947 165 2021 El.
193 1951 249 2039 13,
266 1970 346 2045 quae
367 1947 521 2043 hujusce
551 1945 654 2019 seriei
684 1954 793 2040 caput
827 1943 951 2016 haberi
975 1943 1100 2040 possit,

56 2082 272 2156 clarissimas
308 2105 469 2178 quasque
502 2077 640 2153 Tibulli
679 2076 812 2175 elegias
855 2087 936 2149 tum
979 2077 1104 2149 formae

56 2224 249 2289 venustate
274 2213 451 2311 adaequat,
480 2223 561 2285 tum
591 2234 718 2283 sensus
745 2207 975 2281 vehementia
1003 2204 1104 2278 facile

56 2347 185 2422 vincit.
203 2345 318 2445 Cujus
329 2347 369 2418 in
385 2346 504 2443 priore
521 2356 623 2441 parte
642 2343 719 2415 vim
737 2342 870 2414 amoris
898 2341 955 2413 sui
982 2339 1106 2413 taliter
1174 2406 1177 2414 .

59 2493 164 2578 poeta
173 2481 380 2579 profitetur,
398 2491 441 2553 ut
454 2504 562 2552 nemo
581 2477 652 2551 fere
678 2475 930 2549 Romanorum
951 2473 1105 2570 scripto-

59 2643 140 2697 rum
150 2627 228 2689 tam
243 2614 433 2712 splendida
451 2624 598 2709 tamque
612 2610 750 2684 fervida
766 2608 922 2683 edidisse
941 2632 1105 2706 unquam

59 2751 128 2825 dici
141 2761 250 2848 queat
265 2779 272 2823 :
288 2750 340 2823 ita
354 2747 524 2844 cupidine
548 2746 665 2819 elatus
688 2753 732 2817 ut
756 2742 867 2816 verba
890 2739 1107 2842 hujusmodi

61 2886 189 2970 habeat
206 2885 295 2980 (ull
317 2883 386 2980 sq.)
408 2912 415 2953 :

179 3089 227 3151 'l'u
240 3088 313 3149 mihi
326 3105 463 3148 curarum
480 3085 605 3164 requies,
619 3089 652 3143 tu
668 3088 754 3143 nocte
767 3081 814 3141 vel
827 3086 891 3140 atra

241 3195 416 3273 Lumenet
430 3203 461 3262 in
478 3201 548 3261 solis
565 3209 598 3260 tu
610 3199 684 3260 mihi
700 3198 788 3275 turba
798 3197 880 3266 locis,

63 3421 208 3520 ignibus
223 3444 308 3492 vero
322 3417 394 3490 illis
412 3416 572 3513 aliquam
588 3413 765 3512 inducens
781 3409 971 3506 zelotypiae
992 3406 1110 3512 nube-

66 3555 185 3628 culam
201 3553 251 3649 (v.
270 3560 289 3625 5
304 3551 374 3648 sq)
395 3578 403 3622 ε

186 3760 285 3838 Atque
300 3757 416 3817 utinam
428 3772 526 3834 posses
541 3752 594 3812 uni
607 3751 682 3812 mihi
697 3749 776 3811 bella
788 3745 900 3808 videri!

248 3873 412 3951 Displiceas
424 3870 489 3930 aliis
507 3889 512 3929 :
531 3869 574 3929 sic
585 3887 640 3946 ego
658 3871 742 3925 tutus
757 3882 816 3924 ero.

73 4090 117 4163 ln
136 4089 247 4162 altera
268 4099 368 4184 parte
388 4085 417 4156 T
420 4083 589 4162 ibullum
612 4080 714 4153 velut
737 4077 858 4149 subito
884 4072 1114 4171 expergefac-

959 4200 973 4249 a
